2850 5256
234 761 299 827 788
699 773 854 823 Ausonii

234 922 267 981 et
278 935 339 999 pro
353 933 406 978 me
419 915 543 996 gratias
558 932 663 978 voces
678 914 824 977 omnium
847 911 1057 977 Galliarum:
1080 912 1332 996 quarum-Prae·¹

232 1011 342 1080 fectolt
362 1016 448 1078 hanc
474 1013 758 1077 honorificentiam
781 1013 941 1078 detulisti.
997 1011 1095 1077 Ultra
1119 1014 1331 1096 progredior;

200 1122 202 1126 ‘
234 1123 268 1181 et
282 1117 344 1179 hoc
360 1116 435 1198 quia
454 1114 574 1177 debere
588 1119 622 1178 te
638 1113 735 1189 dicia,
760 1120 849 1193 agat,
861 1132 938 1195 quae
953 1113 1081 1195 optime
1096 1132 1192 1196 agere
1207 1119 1330 1196 potest,

234 1237 304 1283 vox
319 1218 396 1294 ista,
412 1236 514 1299 quarn
524 1216 638 1280 docui.
681 1216 734 1279 41.
756 1214 960 1279 iamdudum
986 1223 1093 1279 autem
1117 1233 1219 1297 quarn
1247 1215 1333 1295 grati

235 1319 348 1394 animi,
364 1325 431 1380 tam
446 1317 609 1380 sermonis
623 1316 748 1395 exigui,
763 1320 801 1378 ut
814 1334 916 1397 supra
929 1315 1128 1392 dictumest,
1146 1317 1331 1380 succumbo

235 1419 393 1495 materiae,
407 1437 515 1501 neque
530 1416 639 1480 adhue
655 1417 714 1479 illa
728 1416 920 1499 perstrinxi,
935 1435 1014 1498 qum
1034 1434 1075 1479 ne
1089 1415 1333 1481 infantissimus

235 1521 381 1604 quidem,
396 1520 461 1582 uisi
482 1519 567 1581 idem
591 1518 822 1599 impiissimus,
845 1518 1027 1582 eminentia
1053 1536 1113 1600 per
1137 1518 1277 1592 famam,
1300 1523 1334 1582 et

236 1622 385 1686 omnium
407 1618 539 1700 gaudiis
559 1622 679 1681 testata
696 1619 934 1701 supprimeret3
957 1636 1035 1700 quae
1051 1636 1153 1701 supra
1172 1618 1263 1684 uires
1286 1617 1336 1682 di·‘

236 1721 334 1787 cendi
354 1739 449 1783 meas
465 1718 589 1800 posita,
614 1723 750 1782 cunctor
773 1720 941 1801 attingere,
965 1723 1024 1782 aut
1048 1718 1172 1800 ingrati
1197 1718 1334 1783 crimine

237 1819 435 1903 arguendus,
457 1826 516 1882 aut
529 1820 693 1883 temerarii
709 1821 913 1901 professione
927 1818 1134 1903 culpandus:
1155 1825 1272 1893 ,temen
1286 1820 1332 1885 al·

236 1929 341 1985 terum
356 1939 433 1983 cum
449 1919 654 1983 subeundum
680 1920 736 1996 sit,
759 1919 936 1985 audaciam
952 1938 1049 2001 quam
1066 1919 1333 1984 malevolentiam

236 2021 325 2085 malo
348 2018 552 2102 reprehendi.
595 2019 648 2082 42.
669 2020 733 2097 Tu,
759 2019 909 2102 Auguste
927 2019 1139 2096 venerabilis,
1163 2019 1333 2086 districtus

238 2123 388 2187 maximo
405 2120 503 2196 bello,
526 2121 772 2185 assultantibus
787 2129 839 2185 tot
852 2122 1002 2184 millibus
1017 2121 1247 2197 barbarorum,
1262 2123 1334 2205 qui·
1386 2168 1390 2175 -

236 2226 301 2288 bus
318 2222 464 2286 Danubii
487 2240 545 2283 ora
561 2224 787 2301 proetexitur,⁹
809 2224 944 2287 comitia
967 2221 1171 2286 Consulatus
1195 2224 1265 2286 mei
1285 2241 1334 2287 ar·

237 2329 348 2387 matus
363 2341 514 2387 exerces.
557 2322 696 2386 Tributa
711 2323 789 2400 ista,
801 2324 890 2406 quod
907 2325 942 2387 in
956 2320 1056 2386 urbe¹
1078 2322 1201 2386 Sirmio
1216 2343 1334 2405 gerun-

235 2509 262 2561 a'a
273 2525 360 2561 amaea.
391 2511 473 2571 Agant
485 2515 555 2562 etiam
561 2516 644 2573 grater
651 2526 695 2574 pre
704 2524 740 2559 me
752 2523 817 2559 aocet
825 2507 985 2556 minema
995 2507 1142 2558 Guttam:
1158 2524 1261 2572 qm
1268 2509 1336 2560 Pro·

231 2572 298 2633 sesto
308 2575 416 2625 tribuisti
426 2576 485 2626 bum
500 2577 615 2626 morem.
648 2575 728 2635 Pergo
746 2573 862 2630 abarim
878 2578 901 2621 et
912 2573 1022 2634 quoniam
1038 2575 1075 2622 air
1090 2577 1113 2621 te
1128 2575 1158 2622 id
1173 2573 1236 2623 nihi
1245 2573 1335 2636 debere,

238 2644 296 2699 agai
306 2639 351 2688 tibi
362 2645 444 2701 grater
460 2655 502 2701 pro
521 2655 557 2688 ma
575 2646 640 2688 tuum
657 2638 722 2687 istud
740 2637 853 2700 eloquium
871 2638 931 2698 quod
949 2636 1049 2686 excolui.
1083 2638 1153 2692 Quod
1169 2638 1257 2699 aptiae
1267 2652 1336 2698 agere

236 2707 321 2763 pateat.
356 2705 407 2763 Ego
425 2704 562 2766 anatemati
582 2719 651 2765 quam
666 2707 797 2763 gratorum
808 2701 895 2755 animo,
906 2705 955 2748 tum
971 2701 1037 2748 renai
1047 2715 1097 2748 sum
1112 2701 1228 2762 oratione,
1241 2702 1336 2762 judi·

238 2766 357 2826 opprimor
368 2765 528 2826 magnitudine
537 2766 680 2826 arguimini,
689 2772 716 2812 ut
726 2765 832 2827 ruperim
841 2764 907 2811 dixi.-
922 2764 1019 2812 necdum
1034 2764 1108 2824 attigi
1118 2765 1171 2826 illa,
1182 2780 1236 2827 quo
1246 2781 1276 2815 tre
1288 2780 1335 2814 m·

238 2828 303 2876 atium
314 2829 406 2888 ‹ruidem
418 2829 512 2876 minime
517 2829 635 2888 facundus
646 2828 705 2890 (sisi
720 2829 789 2876 simrd
799 2832 858 2875 esset
875 2826 1038 2888 impiissimus)
1045 2835 1160 2891 premeret
1171 2830 1276 2886 silentis,
1284 2843 1336 2878 cam

239 2895 320 2938 extent
334 2906 377 2951 per
382 2889 475 2947 samam
486 2897 510 2939 et
524 2893 672 2952 comprobata
687 2892 734 2938 siat
751 2891 838 2939 latitia
854 2893 972 2947 omninum
989 2907 1040 2952 quoe
1050 2891 1131 2940 dubito
1141 2897 1248 2941 tractm
1258 2897 1336 2956 utpote

238 2953 381 3014 etotasupm
400 2967 473 3000 merim
492 2955 574 3001 orandi
587 2953 783 3012 facultatemmet
801 2956 943 3001 ucmmndue
962 2956 1059 3003 crimme
1074 2956 1167 3015 ingrati
1181 2956 1337 3017 minicia

237 3015 304 3073 aileu,
314 3016 350 3062 eet
361 3017 505 3063 damnandus
516 3017 668 3074 temeritatis,
677 3017 698 3063 si
708 3031 735 3063 ea
745 3017 865 3075 attingere
876 3019 964 3064 audeo:
980 3018 1131 3067 nibilominus
1146 3035 1199 3067 cum
1215 3021 1335 3069 mmmm-

237 3079 293 3126 dum
304 3078 361 3125 mibi
371 3080 403 3127 sit
415 3080 440 3126 im
451 3081 591 3127 atterutrum
602 3082 692 3140 lurum,
701 3081 760 3127 malo
775 3079 846 3140 argui
857 3080 881 3126 ia
893 3095 928 3127 me
944 3082 1108 3142 temeritatem,
1120 3098 1189 3145 quam
1200 3085 1336 3146 ndigaits·

238 3147 294 3189 tem.
328 3143 363 3190 Tu
379 3143 512 3191 Veneranda
525 3144 665 3205 imperator,
680 3147 804 3206 occupatus
820 3141 876 3190 bello
891 3144 1040 3203 gremmine,
1058 3161 1109 3193 cum
1129 3152 1164 3194 tot
1185 3146 1337 3195 barbarensi

239 3206 322 3267 miliia,
333 3206 414 3268 quibas
430 3208 483 3269 ripa
495 3208 553 3255 letri
570 3209 682 3267 cingitur,
693 3208 809 3254 irruerat
825 3207 851 3254 ia
863 3213 895 3267 ta,
906 3208 960 3267 agie
976 3210 1071 3256 comitio
1090 3212 1136 3258 mei
1149 3211 1285 3259 emulatus
1296 3226 1336 3257 ar·

239 3274 324 3318 matus.
357 3271 397 3318 An
410 3271 511 3319 Comitia
522 3271 571 3319 lraec
587 3272 764 3335 appellabuntur
774 3270 873 3331 tributa,
884 3270 991 3332 qrwnium
1002 3273 1116 3322 habentur
1126 3274 1153 3321 ia
1163 3273 1220 3322 urbe
1230 3274 1336 3323 Sirmio?

239 3513 287 3556 -8
305 3508 347 3557 ΑΙ.
367 3514 483 3559 uam-9
501 3509 637 3560 Nonnullis
660 3513 754 3575 placet,
769 3510 980 3573 preteritum—10
997 3512 1074 3573 vulg.
1095 3512 1137 3559 Aa
1156 3506 1208 3576 (rit)
1224 3516 1285 3575 qued
1299 3515 1334 3562 in.

730 3646 838 3699 NOTAE

240 3754 271 3789 ee
282 3742 397 3803 precatio
412 3758 461 3807 qrru
478 3759 537 3793 mox
553 3745 584 3792 ad
605 3745 687 3793 Deum
700 3745 766 3793 Ora·
841 3741 847 3774 ¹
864 3743 964 3791 Tritura
983 3745 1041 3803 ista,
1062 3747 1124 3807 quod
1146 3746 1171 3793 irr
1193 3746 1262 3807 arbe,
1284 3747 1337 3810 ise]

240 3823 281 3864 tor
299 3831 326 3865 se
347 3826 495 3869 convertet:
516 3821 638 3868 ‘AEterne
655 3821 765 3869 omnium
807 3817 876 3873 Non,
893 3818 1074 3880 11110111ῠ111111
1094 3819 1255 3870 haberentur
1272 3836 1337 3870 ⁸²¹³·

240 3892 353 3952 genitor,
370 3893 425 3953 ipse
445 3907 494 3941 non
519 3895 615 3956 genite,
633 3895 720 3957 opifex
738 3904 766 3944 et
806 3906 852 3953 per
866 3893 964 3941 tributa
975 3894 1101 3956 Comitia3
1120 3897 1251 3944 tamenim
1263 3905 1337 3945 extra

240 3979 314 4013 causa
346 3966 443 4027 mnndi,
472 3969 598 4032 principio
629 3971 765 4034 antiquior,
806 3967 961 4027 1111θωί111111
980 3969 1130 4028 901111211111
1149 3967 1239 4018 hibita
1259 3969 1338 4019 1111111

238 4037 289 4088 tine
310 4040 464 4103 diuturnior,
486 4045 528 4108 qui
553 4047 651 4108 templa
670 4048 716 4095 tibi
739 4055 766 4096 et
806 4041 991 4090 0011811111θᾶ
1011 4044 1072 4105 111111
1092 4044 1117 4091 111
1136 4044 1337 4096 111111111001111·

239 4126 297 4160 aras
309 4117 483 4176 penetralibus
501 4119 656 4168 initiatorum
674 4122 766 4170 menti·
808 4117 849 4163 tiis
861 4132 893 4165 er
905 4119 1051 4180 regionibus
1070 4129 1098 4169 et
1113 4120 1178 4169 locis
1197 4122 1271 4171 urbis
1287 4121 1337 4172 suf·

239 4185 288 4235 bus
308 4190 462 4249 condidisti:
480 4196 529 4241 &a
565 4195 765 4258 Mittoquaebu·
806 4194 889 4258 fragia
915 4199 1072 4249 serebantur.
1115 4201 1237 4251 Sirmium
1262 4218 1336 4265 porro

239 4259 333 4309 bantur
343 4262 426 4325 Epist.
437 4279 515 4315 xxiv.
523 4281 588 4315 vers.
598 4273 653 4318 112.
669 4272 766 4319 ‘Certa
806 4271 946 4322 Pannonias
958 4275 1091 4337 oppidum,
1100 4276 1144 4323 nbi
1157 4283 1221 4327 tunc
1233 4278 1337 4327 Gratia·

239 4344 280 4384 est
299 4336 392 4386 fiducia
412 4340 534 4397 nomast
551 4345 661 4404 genitor,
679 4354 764 4393 notras·
805 4360 852 4393 uus
874 4347 996 4409 degebat,
1021 4365 1077 4398 crim
1106 4352 1252 4402 Armenium
1275 4353 1337 4403 feeit

240 4424 290 4469 que
311 4411 359 4458 Dei
379 4414 421 4473 pia
441 4415 520 4462 verba
541 4418 669 4466 volentum
689 4419 765 4468 Acci·
805 4423 952 4485 Consulem,
966 4440 1011 4486 pro
1024 4427 1205 4479 Romahuberi
1225 4437 1337 4493 poterat,

240 4484 313 4542 piat'
805 4509 836 4542 ex
854 4512 905 4560 quo
923 4498 1006 4548 Roma
1026 4503 1107 4564 eoepit
1126 4517 1183 4553 esse
1205 4505 1249 4554 ubi
1267 4514 1337 4556 esset

273 4555 284 4586 ¹
297 4559 401 4612 Quarum
413 4562 542 4625 Profecto]
559 4564 614 4627 lpri
624 4565 745 4618 Ausonio.
804 4570 959 4634 Imperator.
