2850 5256
675 377 677 386 r

1306 466 1314 478 0

229 730 295 796 970
563 734 671 785 unum
695 731 894 781 vnurouuu
921 731 957 780 tu

230 882 653 947 becineeriptiouernnvnnnotn
662 889 685 926 r.
694 888 754 926 cnr.
790 875 826 924 cin
843 880 926 922 erent.
954 872 986 922 ld
1006 873 1048 921 rel
1071 885 1104 921 en
1125 871 1185 936 ipen
1202 870 1310 924 dononio

232 973 343 1014 nuncin.
374 967 577 1008 enocvnunont.
601 966 649 1004 nn.
670 965 753 1003 nomn.
790 949 1018 1010 cognoecnnlicet:
1037 948 1315 1013 ‘thnejundndnn

228 1044 755 1091 nnnnn.1ree.ctnun.uoumtnrt.enru·
791 1025 837 1074 tibi
851 1025 938 1088 pnltnn
956 1023 1057 1087 poium
1074 1025 1166 1088 pollet,
1183 1024 1317 1076 umninno

231 1128 297 1166 cren.
324 1123 481 1162 concurro.
512 1120 632 1158 cornu.
662 1120 755 1157 onum
790 1109 882 1150 ornntn
902 1107 953 1158 ent,
968 1115 1020 1165 qno
1041 1115 1098 1150 mre
1123 1101 1209 1164 pun·
1228 1102 1318 1152 curet:

228 1201 373 1243 morcon.
409 1186 491 1235 Viden
511 1184 602 1234 eodem
629 1182 755 1247 principe,
790 1176 843 1226 Sed
858 1177 948 1225 melius
963 1175 1092 1235 Sidoniae,
1110 1191 1316 1240 qnnnqunmnon

229 1266 332 1331 quibet
350 1262 424 1312 lodor
442 1259 755 1322 luntituernt,lnintriouem
790 1252 823 1302 de
840 1265 921 1315 ogone
933 1252 1079 1314 Capitolino
1096 1252 1225 1316 loquitur:
1242 1252 1314 1304 ‘Hic

230 1347 389 1392 comtum,
426 1337 495 1387 must
524 1348 634 1386 coum
663 1346 755 1385 oum
791 1342 849 1379 enon
860 1327 980 1392 precipit
995 1342 1083 1390 tequne
1102 1327 1247 1391 lmperntor
1258 1328 1316 1377 Pel·

229 1427 364 1467 mentem
378 1412 514 1463 manifecte
530 1411 657 1477 significet
673 1420 756 1461 certe·
790 1403 838 1452 mn
857 1403 949 1462 rerico.
968 1403 1102 1468 torquium
1120 1417 1230 1453 corone·
1251 1404 1316 1454 con·

229 1506 288 1542 meu
306 1497 334 1541 et
352 1490 551 1539 contentionem.
577 1488 609 1536 lu
629 1500 754 1549 eougonu
787 1479 870 1545 iungi,
881 1481 1036 1531 emeritum
1049 1481 1226 1533 remunereri'
1248 1483 1315 1533 Non

230 1568 329 1617 Statius
341 1573 399 1629 pont
407 1563 581 1614 incredibilem
593 1563 672 1612 totiue
685 1562 755 1611 orbiu
790 1555 909 1607 ‘coronie
923 1556 1044 1621 torquee,’
1061 1566 1089 1607 et
1098 1559 1107 1585 ‘
1117 1559 1210 1621 pnlmie
1219 1559 1316 1620 nericn‚'

231 1641 438 1704 expectationem
469 1638 571 1687 tnudeut
598 1637 755 1687 Thebaidem
790 1631 1183 1694 hocort,nericntotlemuiecon
1197 1634 1316 1697 corrinnei

231 1714 441 1766 enerurecitnrit.
467 1714 518 1764 Sed
536 1728 585 1763 non
603 1714 711 1776 plncuit,
728 1720 756 1763 et
792 1707 871 1757 viden·
898 1711 1059 1772 Quanquam,
1077 1717 1108 1759 ut
1125 1708 1190 1770 dixi,
1207 1709 1241 1759 de
1258 1710 1313 1758 aliie

230 1785 695 1842 contruenmnliico'rountit'uernnt.
723 1787 754 1837 ld
783 1784 977 1855 ‘ludimnlinque
993 1800 1021 1834 re
1038 1785 1161 1850 loquitor.
1187 1786 1265 1836 Viden
1275 1794 1314 1835 tn·

230 1866 300 1931 qnod
311 1866 366 1929 ipre
383 1880 434 1915 nou
445 1880 495 1914 nuo
507 1865 564 1914 loco
575 1864 601 1913 lu
611 1864 686 1914 Sllrie
696 1878 756 1913 oon·
791 1873 851 1909 meu
866 1860 1023 1924 amplificntn
1036 1862 1143 1924 prtemin
1158 1876 1204 1926 pro
1214 1863 1314 1912 rntione

231 1942 359 2005 queritur,
378 1941 424 1991 ned
442 1941 566 2004 imprimit
584 1940 611 1989 iu
631 1940 756 2004 Epicedio
791 1938 946 1988 meritorum.
971 1938 1151 1999 (intereunti
1162 1953 1213 1988 ren
1223 1937 1313 1987 reden·

231 2017 320 2079 petrin.
347 2017 422 2066 Unde
434 2017 504 2067 locne
519 2016 755 2068 JuvennlieGrnm-
792 2025 914 2075 mue,per
929 2012 937 2040 ‘
950 2021 1046 2061 eertum
1060 2027 1162 2063 coron·
1178 2013 1314 2077 Olymnin’

231 2092 334 2142 mntlcin
345 2106 395 2141 non
409 2092 475 2142 bene
491 2106 633 2156 perpenses
644 2093 757 2154 explice-
792 2086 853 2135 nibil
868 2086 937 2138 eliud
954 2087 1086 2150 intelligit,
1102 2102 1178 2152 quem
1194 2103 1316 2153 qneeenm

231 2173 292 2217 tur:
308 2167 377 2217 ‘Sed
388 2183 444 2217 cum
454 2167 533 2231 fregit
541 2167 661 2217 subsellia
673 2181 756 2229 remu,
793 2162 881 2225 ogonis
889 2163 1037 2226 Cnpitolini,
1046 2179 1121 2229 quem
1132 2172 1263 2216 mernernt
1273 2167 1316 2215 nd·

231 2241 331 2303 Reiecit,
347 2243 471 2294 intectum
489 2243 579 2293 Pnridl
595 2243 644 2293 nini
662 2243 758 2293 vendet
792 2240 843 2290 buc
856 2240 974 2304 impubee
990 2241 1123 2292 celebrem
1137 2241 1238 2294 Jorem.
1259 2243 1317 2293 don·

231 2315 359 2378 Agaven!
396 2319 462 2369 Nem
484 2319 594 2381 nntyrice
615 2319 680 2370 dicit
699 2335 756 2370 ento
793 2315 862 2378 liger.

229 2390 360 2456 ll'regiene
378 2393 496 2444 nnbnellin
517 2393 608 2457 πηοί
629 2395 707 2459 quod,
728 2402 758 2446 ut
827 2397 857 2442 lt
875 2393 1012 2443 Orationem
1021 2393 1131 2457 necno]
1148 2394 1189 2443 lte
1204 2396 1313 2457 legem

232 2467 330 2522 coutet
341 2471 489 2535 loquuntur,
502 2470 510 2498 ‘
522 2471 634 2520 recitent
643 2485 695 2521 non
707 2477 757 2521 nte·
793 2465 845 2518 lide
861 2469 954 2532 princte
971 2470 1116 2534 ecriptnrte.
1145 2469 1212 2522 Quin
1227 2477 1256 2520 et
1270 2470 1316 2519 ille

232 2544 285 2606 tit:
295 2545 340 2595 ned
351 2545 463 2597 excidite
480 2545 528 2596 boe
537 2556 642 2606 estnon
651 2546 757 2611 placuit.
793 2557 835 2593 me
846 2551 953 2595 anctore
969 2545 1016 2607 ite,
1034 2546 1054 2595 ni
1070 2547 1143 2607 libet,
1153 2545 1250 2610 legitoz
1268 2545 1317 2594 Seu

233 2620 314 2684 anue
331 2623 370 2672 rei
384 2623 426 2672 rel
442 2622 525 2685 iprum
540 2621 652 2674 Statium
665 2630 756 2673 tentem
792 2623 820 2669 le
831 2619 932 2671 colorlie
947 2621 1071 2683 proede-
1080 2621 1208 2684 praeteria,
1218 2621 1318 2670 Pennin-

232 2698 376 2760 producere
399 2713 542 2762 pontumue,
566 2699 610 2763 qni
632 2699 657 2748 in
679 2699 758 2749 Silrie
793 2696 1244 2757 ciorumnutiudiceeColeree‚tnendie
1252 2697 1317 2744 oddi-

232 2773 289 2823 boec
301 2775 395 2835 innuit,
403 2789 454 2822 non
462 2789 512 2823 uuo
522 2777 587 2835 loco,
599 2776 686 2837 utjnm
696 2775 758 2827 dixi.
794 2773 963 2821 insedentibus
979 2774 1067 2832 Fauo,
1083 2778 1106 2821 et
1123 2773 1208 2819 emutio
1222 2772 1317 2819 numu.

232 2849 302 2896 Cere
314 2851 348 2897 nin
360 2849 501 2898 confundet
512 2865 617 2911 ugonem
629 2852 757 2901 Albanum
794 2849 834 2897 Ex
852 2848 917 2908 istie,
928 2856 998 2898 etex
1009 2847 1171 2911 sequentibun
1182 2846 1316 2907 colligitur

232 2934 289 2969 cum
309 2924 356 2970 lton
376 2924 529 2982 Capitolino.
556 2926 672 2988 Uterque
690 2929 756 2975 enim
792 2923 919 2972 homiuem
931 2925 1075 2971 acerrimum
1086 2921 1173 2982 fuitne,
1181 2928 1208 2968 et
1218 2921 1315 2982 privati

231 2994 558 3044 iuntitutunnDomltinuo.
585 2999 636 3047 Sed
647 3000 758 3050 nobilior
793 2999 925 3048 literarum
941 2998 985 3048 otii
1000 2997 1062 3046 finer
1083 2997 1239 3058 migrantem
1256 3010 1315 3058 pro·

232 3068 403 3131 Capitolinus,
420 3070 484 3119 ndeo
497 3079 526 3119 ut
538 3073 625 3123 Romen
643 3090 694 3125 non
710 3092 757 3141 per
792 3075 933 3123 vincinrum
943 3074 1086 3132 tribunnlin,
1097 3087 1156 3120 mox
1168 3078 1196 3121 et
1207 3072 1263 3134 ipen
1275 3087 1318 3135 pn·

231 3146 364 3208 luctrmut
380 3155 465 3207 nutet,
476 3161 595 3211 magnum
613 3160 756 3213 nnnum‚nt
794 3150 857 3199 latin
875 3148 1061 3212 frequentante.
1089 3146 1165 3197 Quod
1182 3143 1317 3195 confirma·

233 3222 369 3282 vocabunt,
379 3222 423 3270 ted
435 3236 482 3284 per
492 3224 652 3286 Capitolinos
661 3242 755 3289 ngonne
793 3233 835 3273 tur
854 3240 885 3274 ex
902 3225 947 3273 lib.
965 3237 1044 3273 nunu.
1072 3221 1198 3271 Ammiani
1210 3222 1249 3269 bin
1260 3235 1316 3270 rer-

231 3305 413 3358 nupputereut.
439 3298 515 3349 Quod
533 3303 703 3352 nDoruitinni
719 3304 756 3353 in·
793 3298 846 3347 bin:
875 3300 988 3363 loquitur
1011 3307 1097 3348 nutem
1121 3297 1154 3346 de
1177 3297 1315 3346 eereritnte

231 3372 366 3421 ntitutioue
378 3387 456 3434 unque
474 3373 507 3421 nd
520 3381 636 3437 tempore
651 3392 697 3426 cue
713 3379 756 3428 ob·
791 3373 887 3424 tuliani
910 3376 935 3423 in
956 3375 1103 3424 criminibus
1124 3373 1314 3434 cognoscendin.

231 3447 337 3496 tinuisne
348 3447 502 3496 Centorinue
513 3450 610 3499 scribit.
627 3450 755 3502 Ceterum
792 3450 800 3477 ‘
820 3449 988 3511 Numerium‚'
1007 3449 1099 3511 iuquit,
1116 3449 1124 3475 ‘
1142 3448 1313 3498 Norboncnnie

230 3534 335 3581 nemper
346 3535 413 3584 egon
427 3522 482 3585 ipre
496 3526 588 3574 maurit
604 3526 707 3576 Romu:
726 3537 755 3579 ut
792 3526 868 3587 patulo
888 3534 949 3574 ante
972 3532 1107 3587 rectorem,
1123 3531 1267 3573 conuentum
1284 3532 1313 3572 ut

231 3594 258 3643 iu
280 3609 311 3644 eo
332 3598 428 3660 poete,
448 3598 574 3661 rhetores,
599 3603 755 3667 aliarumque
792 3598 884 3662 furem,
896 3600 1020 3650 iuneitnto
1037 3599 1154 3650 centorio
1171 3599 1257 3662 rigore
1267 3612 1313 3662 pro

232 3670 417 3733 professionum
437 3675 551 3724 hominen
571 3687 756 3728 coronarentur
792 3676 912 3725 tribunali
933 3678 1018 3740 pnlnm
1039 3677 1154 3726 ndmineie
1173 3676 1316 3726 volentibur

232 3746 266 3795 nb
287 3746 345 3809 ipeo
366 3748 535 3811 Imperatore.
578 3752 670 3816 Neque
692 3763 755 3816 puto
791 3752 925 3802 nudiebnt:
944 3754 1053 3817 quicum
1062 3750 1314 3802 inficiationecefen-

231 3822 651 3888 eluntepoitemmtnurentorum
659 3843 754 3880 moreto
792 3829 866 3878 deret
876 3831 985 3894 objecto,
996 3845 1043 3879 nec
1052 3841 1141 3893 poscet
1153 3830 1177 3878 iu
1189 3844 1315 3894 qnoqnnm

231 3913 357 3950 tonnerre.
384 3901 451 3951 Num
467 3911 494 3950 et
510 3902 559 3964 ipni
570 3904 710 3965 antiquitus
721 3907 755 3956 ab
792 3909 927 3971 confutari,
947 3911 1101 3973 Delphidius
1119 3918 1206 3959 orntor
1222 3910 1316 3959 ncerri·

230 3972 754 4037 lpnleCaennribueGermaniccoronnbnn·
790 3998 847 4033 mne
869 3985 1032 4034 vehementer
1054 3986 1220 4048 impugnem,
1241 3984 1316 4034 docn-

230 4056 282 4099 tur.
308 4050 455 4114 Mngnoque
463 4051 489 4100 in
503 4053 590 4115 precio
600 4053 681 4104 babiti
690 4070 754 4104 nem·
791 4067 933 4109 mentorum
951 4061 1169 4123 iuopin.percitue
1188 4063 1316 4110 exulemu-

231 4138 280 4187 per
290 4127 357 4188 epod
369 4127 458 4189 Italos,
469 4134 496 4176 et
512 4128 664 4191 Germanou,
673 4131 717 4194 qui
727 4131 753 4182 id
790 4137 845 4184 vit:
867 4136 994 4199 ‘Ecquie‚
1017 4133 1198 4186 florentissime
1220 4139 1316 4197 mu,

229 4199 331 4251 honorii
348 4202 444 4252 virtute
462 4204 558 4266 ingenii
573 4207 705 4257 consecuti
715 4222 753 4258 ee·
790 4225 886 4261 nocens
906 4226 963 4261 eene
982 4212 1080 4275 poterit
1091 4226 1179 4275 neque,
1190 4214 1211 4261 ni
1223 4227 1317 4275 negnrn

229 4283 296 4326 nent
321 4278 373 4326 Sed
385 4278 410 4326 in
425 4279 554 4329 veteribnn
570 4283 693 4344 agonibus
704 4285 752 4334 Cn·
791 4285 948 4337 nuffeceriti'
985 4288 1062 4337 Circe
1084 4303 1159 4351 quern
1181 4288 1317 4339 Julinuur:

230 4352 344 4413 pitoliuie
353 4354 396 4417 qui
404 4354 528 4412 vicerant,
543 4370 636 4407 coroun
646 4366 673 4409 et
682 4374 753 4411 remo
792 4363 919 4426 ‘Ecquie‚'
929 4364 976 4425 nit,
987 4368 994 4391 ⁴
1008 4364 1128 4412 innocent
1140 4379 1197 4413 enne
1213 4365 1313 4429 poterit,

230 4428 394 4490 lemnincntin,
408 4439 453 4480 eut
468 4439 558 4496 torque
572 4433 692 4486 involutis
708 4437 752 4488 do·
791 4444 812 4494 si
823 4458 955 4494 accusem
965 4442 1111 4493 sufficiet?”
1127 4445 1167 4493 Ex
1176 4444 1232 4492 tetis
1240 4449 1310 4507 poten

230 4502 368 4553 unbnutur.
397 4505 463 4554 Num
484 4507 528 4570 qui
548 4512 653 4560 eecuudi
673 4521 754 4577 aaut,
790 4527 818 4569 nt
838 4521 989 4570 acerrimum
1009 4520 1115 4569 bominin
1137 4521 1259 4584 ingenium
1282 4526 1312 4566 et

231 4586 429 4631 eorumcoroue
447 4585 753 4647 etpelmoninelemnie·
789 4595 956 4648 dennltorium
981 4596 1082 4645 vivendi
1105 4610 1184 4660 geum
1206 4608 1315 4658 cognon-
