2806 5234
508 733 663 783 susurru
688 736 869 786 cusanus.
1023 722 1026 730 '
1156 726 1239 793 1011

155 877 190 928 tls
210 875 264 925 ludi
282 875 400 939 jussisse.
438 873 574 937 Pogonus
594 882 679 925 auteur
714 874 763 925 bus
775 877 945 941 pretorianis,
955 880 1067 948 adeoque
1084 883 1146 948 ipsis
1160 886 1240 950 imps-

155 951 340 1015 septingenties
353 950 439 1000 tricies
454 950 602 1015 quinquies:
624 959 679 1000 tau·
716 953 753 1001 rio
765 953 894 1003 cessisset.

155 1034 260 1090 tumque
297 1027 437 1090 palmarum
471 1025 679 1088 gladiatoriarum
747 1029 798 1077 No.
811 1032 868 1078 281.
885 1028 1122 1098 Sescmsl’ertiaax]
1142 1038 1173 1087 id
1194 1038 1238 1087 vs:

156 1100 306 1165 coniecisse,
327 1101 370 1149 vel
390 1102 467 1151 victis
493 1101 613 1162 retiariis,
639 1101 680 1150 rel
716 1104 943 1162 mmcsss‚erisc
959 1121 1100 1169 cognomen
1115 1113 1237 1165 Severum

155 1178 256 1238 misia,
274 1185 303 1226 ut
319 1177 386 1225 mille
398 1177 570 1239 contingeret·
603 1176 679 1225 Fero·
714 1180 861 1230 assumsisse
872 1187 952 1230 testes
962 1190 1023 1231 suot
1034 1190 1134 1233 veteres
1144 1191 1239 1239 nummi

154 1266 208 1301 rnna
236 1259 322 1301 autem
349 1251 505 1302 diversarum
529 1266 607 1301 manu
632 1265 681 1300 sus
715 1254 769 1316 ejus
789 1255 966 1319 imperatoris,
984 1258 1046 1307 item
1067 1264 1094 1308 et
1117 1275 1189 1325 saxa,
1210 1273 1241 1316 et

153 1327 279 1377 eccidisse
301 1327 380 1376 muita
401 1327 489 1389 miliia,
515 1327 553 1376 ita
575 1333 605 1376 ut
626 1327 678 1376 aie·
714 1329 946 1382 aliamonumcuta.
979 1332 1094 1396 Scaliger.

154 1401 261 1463 phantos
273 1401 461 1464 comprimeret.
494 1401 529 1450 Et
541 1401 596 1451 lino
606 1414 680 1464 spec·
745 1409 761 1454 t
779 1407 833 1456 Non
842 1407 934 1456 cincre
944 1409 1029 1473 been]
1048 1411 1089 1459 De
1100 1411 1240 1464 Masinissa

153 1476 547 1538 mncssaepspopuloltomsno.
573 1475 679 1525 uladis-
714 1482 829 1545 cjnsdem
856 1486 961 1548 originis
995 1487 1123 1550 principe,
1152 1489 1237 1542 vuer.

154 1551 217 1601 toris
237 1564 337 1615 quoquc
358 1549 506 1599 nobilissimi
524 1551 577 1600 uita
593 1549 678 1600 functi
713 1559 1019 1624 Maxim,lib.1,csp.u.
1045 1563 1170 1613 ‘Factum
1182 1567 1240 1615 Ma.

153 1639 245 1674 nomeu
258 1625 408 1688 adunitvitt
425 1633 454 1674 ui
464 1631 505 1674 est
520 1625 553 1674 sb
567 1625 677 1674 Herodi·
713 1634 809 1682 sinisera
820 1634 914 1694 enimn,
923 1650 997 1699 qnam
1009 1636 1108 1686 Punico
1120 1639 1239 1703 sanguini

154 1715 203 1751 ano
220 1702 352 1751 traditum.
383 1703 497 1766 Solisque
516 1703 616 1751 colosso
634 1702 679 1752 dc·
713 1709 924 1759 convenientius:
943 1725 1095 1774 quamquam
1112 1714 1174 1777 quid
1201 1723 1240 1766 ιι.

153 1776 255 1826 molitus
265 1783 354 1839 caput,
374 1791 404 1826 sc
415 1793 462 1825 suo
472 1777 680 1841 superimposito,
714 1782 780 1833 tinet
791 1798 873 1833 moras
884 1785 987 1835 natione
1003 1788 1132 1850 expendi?
1148 1789 1174 1837 in
1186 1803 1238 1839 me.

153 1854 275 1904 subscribi
289 1855 369 1918 jussit
387 1855 481 1904 ‘Milia
499 1855 678 1905 Gladiatorium
714 1858 757 1908 dia
775 1859 893 1908 barbaris
909 1867 981 1908 ortus
1000 1863 1162 1926 sacrilegium
1177 1865 1242 1915 alie·

152 1929 302 1979 victorem!
334 1930 427 1994 Neque
445 1931 528 1980 minus
545 1931 678 1981 commoda
714 1948 774 1983 unm
795 1934 920 1984 rescidit!
953 1936 1075 1999 Apuleius
1097 1938 1122 1987 in
1141 1938 1240 2004 Apolo-

152 2005 286 2054 threicium
313 2006 382 2055 hunc
404 2006 537 2056 &mnndi
567 2006 679 2070 gladium
715 2009 771 2073 gie:
795 2010 937 2063 ‘Nonnisi
960 2020 1111 2077 prognatus,
1133 2014 1179 2062 seli
1201 2016 1241 2064 nti

153 2094 201 2144 pro
213 2081 360 2131 amasonico
373 2081 437 2131 licet
447 2082 570 2145 accipias.
601 2078 679 2128 Ama·
715 2094 827 2136 moratus
852 2087 962 2152 quisquo
984 2090 1028 2150 sit,
1053 2090 1239 2152 spectandum

152 2154 241 2204 aonico
259 2169 367 2219 namque
378 2156 465 2205 habitu
480 2156 506 2204 ln
517 2169 622 2204 arenam
634 2155 679 2203 de·
715 2175 764 2210 nse
780 2175 830 2225 qna
846 2163 960 2224 senione,
971 2164 1016 2212 scd
1030 2165 1191 2229 quantinus
1203 2167 1239 2215 vi.

152 2231 281 2280 soendisse
299 2232 382 2294 ipsum
406 2234 495 2294 etiam,
517 2230 679 2295 Lampridius
715 2244 768 2287 taur
795 2238 883 2287 rivere
909 2239 1005 2300 inierit,
1026 2240 1240 2292 considerandum

152 2305 220 2355 idern
234 2313 354 2367 ttsidlul',
365 2321 521 2371 cumamque
539 2305 623 2355 reddit
640 2305 678 2352 his
715 2312 772 2361 apt)
804 2312 855 2363 Dio
866 2313 899 2362 de
910 2312 997 2363 Nem
1007 2314 1145 2377 'l'njnnum
1157 2315 1237 2380 adop.

151 2385 256 2435 rerbls:
271 2388 280 2415 ⁴
291 2385 343 2434 Pro
355 2385 495 2435 Deccmbri
502 2399 590 2435 mense
600 2383 678 2433 Ama·
715 2393 803 2436 tante:
819 2387 867 2445 ’rin
876 2386 923 2452 γὰρ
936 2389 1028 2451 ἀρετὴν,
1038 2389 1094 2438 ἀλλ’
1102 2389 1130 2439 ol
1138 2390 1184 2450 τὴν
1192 2409 1238 2441 rs·

152 2461 262 2523 aonium,
281 2475 314 2511 ex
331 2463 405 2525 siguo
424 2462 513 2525 ipsius,
531 2461 679 2510 adulatores
713 2462 780 2527 spu«
789 2461 1025 2527 roisiimdiesdsir
1032 2464 1100 2526 dero.

151 2536 288 2584 vocabant.
322 2536 477 2585 Amazonius
496 2543 581 2585 antem
603 2548 678 2583 roco·
748 2539 868 2589 Nostis.
890 2543 907 2588 2
927 2539 1001 2601 crpus
1018 2540 1127 2602 adoptios
1146 2541 1239 2590 som

152 2616 195 2660 tus
214 2619 264 2674 cst,
285 2626 318 2661 cx
339 2627 427 2662 amore
449 2611 598 2662 concubina
624 2625 677 2659 sun
714 2613 873 2677 tn18cribo,
892 2615 1239 2680 lccdlsslmilia,iuqoit,es

151 2686 265 2750 Martie,
283 2703 360 2752 quarn
382 2689 477 2752 pictam
499 2689 525 2736 in
550 2687 678 2736 Amanoue
714 2688 811 2738 Severo
828 2689 905 2753 patri,
924 2690 969 2739 sed
981 2689 1113 2740 Antonino
1130 2689 1239 2740 dissimi·

150 2759 285 2824 diligebat.
325 2763 440 2825 Propter
465 2776 541 2826 qnam
566 2768 594 2811 et
621 2760 678 2824 ipse
715 2763 1240 2830 lior,iucujnsuonreuadoptatusiuiati·

150 2835 308 2887 Amazonico
317 2836 409 2887 habitu
426 2838 451 2885 iu
469 2849 574 2884 arenam
585 2836 678 2884 Roma·
715 2837 774 2886 Fnit
786 2838 972 2889 Antoninorum
988 2841 1148 2903 nuncupatio
1164 2853 1241 2890 rene

150 2925 208 2961 nam
228 2911 385 2960 descendere
406 2910 504 2959 rolult'
536 2910 592 2959 Nos
613 2923 678 2972 pra·
715 2911 843 2962 rabilisae
863 2919 962 2975 sanctu,
976 2919 1004 2962 et
1020 2914 1141 2976 gentibus
1157 2927 1239 2979 usqne

150 2990 224 3034 teres
243 2986 332 3033 Rome
350 2998 521 3033 marmoreum
542 2981 677 3033 Commodi
713 2984 779 3034 adeo
790 2987 913 3050 amabilis,
922 2997 951 3038 ut
961 2989 1005 3037 illa
1013 2988 1079 3038 silos
1089 2991 1240 3040 Bassianum

150 3058 313 3108 simulacrum
325 3058 444 3118 uidimus,
460 3059 486 3106 in
498 3064 605 3120 pectore
620 3057 676 3104 tho·
714 3073 745 3108 sc
756 3060 860 3119 (ianm,
870 3076 944 3123 quarn
957 3063 1095 3109 Bassianus
1106 3063 1187 3111 frater
1199 3065 1241 3112 sei

150 3147 213 3183 raca
230 3133 328 3181 munito
345 3133 473 3196 galeatam
493 3140 570 3196 atque
587 3137 678 3180 exerta
715 3131 1004 3194 interfecturum
1022 3133 1144 3196 interfici,
1159 3137 1240 3185 Sera·

149 3222 260 3258 mamma
271 3210 457 3273 imagunculam
475 3207 618 3272 protereus
637 3222 678 3257 os·
715 3221 758 3257 rus
769 3214 843 3270 pater
852 3205 1012 3255 honorandos
1025 3209 1163 3269 putaverit.
1184 3209 1238 3259 Sed

150 3292 323 3350 tentansque:
345 3292 375 3335 ut
392 3300 448 3335 eam
470 3300 519 3334 non
544 3284 621 3335 facile
643 3285 678 3334 al·
714 3281 752 3331 illl
766 3280 808 3346 (ut
825 3287 985 3343 compertum
1004 3287 1053 3342 est,
1068 3284 1239 3345 maguisvlrls

151 3361 232 3410 terius
249 3376 325 3425 piram
340 3359 489 3410 concubine
501 3360 603 3409 Martia
616 3360 678 3408 ima·
716 3362 762 3406 aut
779 3355 860 3404 unllos
876 3352 941 3416 iere,
958 3361 1003 3404 ant
1021 3355 1150 3419 improbos
1166 3358 1239 3422 gigni

151 3437 236 3502 gisem
263 3438 452 3501 interpreteris,
479 3450 563 3500 neque
597 3437 677 3485 alium
715 3430 794 3495 filios)
805 3439 832 3480 ct
849 3430 943 3479 nomini
954 3431 1073 3494 gratiam,
1084 3438 1112 3481 et
1128 3433 1237 3497 imperio

150 3528 225 3578 quens
237 3512 387 3577 gladiatoris
406 3511 433 3560 iu
451 3511 614 3575 Imperatore
633 3510 677 3558 ira·
714 3507 868 3572 dignitatem
880 3507 1043 3570 derogarunt,
1053 3515 1106 3558 eta
1125 3515 1198 3559 tanto
1208 3510 1241 3559 si·

150 3587 243 3638 bitum.
276 3588 440 3647 Porro,sunt
456 3593 484 3635 et
498 3586 542 3650 qui
555 3583 677 3647 apudCi·
714 3585 766 3632 mni
777 3591 852 3647 patre
862 3583 1060 3646 degenersrunt.
1092 3584 1226 3634 Acras-sias.

150 3674 270 3711 seronem
291 3673 341 3710 vn.
363 3660 519 3721 Philippica,
541 3658 676 3719 ruritius,
747 3659 859 3709 tlsrlsrr
872 3658 953 3722 popuii
966 3664 994 3706 ts
1010 3658 1134 3708 Curculio
1149 3659 1238 3723 magis]

150 3735 331 3799 corrigendum
342 3734 596 3799 potentiisrscids'cis,
608 3734 677 3797 quod
715 3734 840 3786 Historiae
861 3734 1034 3784 testimonium
1049 3734 1104 3783 iraec
1125 3747 1174 3782 non
1196 3735 1239 3784 ira·

150 3824 221 3860 arma
239 3810 388 3873 threcidica,
411 3808 564 3872 gladiatoria
582 3806 677 3871 signiti-
715 3810 788 3861 best.
820 3810 937 3875 Ideoque
952 3810 978 3858 in
989 3809 1144 3859 seutentiam
1156 3810 1240 3870 venio,

151 3885 206 3937 cari
218 3891 349 3950 putentur.
365 3885 500 3935 Accarsr‘ss·
715 3887 752 3936 ita
767 3887 891 3949 scripturn
911 3885 943 3933 ab
956 3883 1083 3934 Ausonio:
1102 3883 1241 3946 lrrimsps-

184 3967 198 4012 1
222 3960 342 4023 Threicio]
367 3962 488 4023 incaelo,
514 3960 677 4025 gladiatorio.
713 3961 939 4025 paiilsGoromiio
949 3958 1034 4021 magis.
1069 3957 1243 4017 Hocrst,da·

152 4037 235 4086 Vetus
252 4046 339 4088 antem
355 4037 439 4087 codes
453 4037 589 4088 Tiresidioo
602 4037 677 4087 babe-
716 4036 785 4084 lusus
812 4036 947 4097 Magorum
976 4031 1139 4082 sanitatibus.
1174 4033 1241 4081 Nam

150 4109 252 4176 bstpro
263 4112 308 4161 ilio
321 4112 436 4162 Threicio.
454 4112 573 4169 Vinctus.
717 4110 878 4160 Herodianus
887 4110 975 4170 tradit,
982 4108 1144 4167 Bassianum,
1153 4106 1241 4156 insidi·

186 4186 236 4237 No.
248 4191 305 4237 aiii.
337 4192 353 4236 t
363 4189 431 4244 Quod
440 4187 515 4236 demit
525 4188 632 4252 mukfldu
640 4202 677 4236 cs·
716 4201 786 4236 arum
794 4191 874 4249 metu,
885 4185 1049 4235 curiosiorem
1061 4182 1190 4246 impendio
1200 4181 1240 4231 fn·

150 4259 292 4311 sanmuro
307 4262 415 4326 prolato]
434 4265 581 4328 Reponatnr
598 4264 678 4312 levior
716 4256 1241 4325 isseDeorum,oracniorum,damonum·-

152 4335 369 4402 distiuctiopost⁴
382 4341 507 4403 probato.’
532 4338 678 4389 illudenim
717 4354 767 4404 que
783 4354 876 4389 arcana
892 4336 1047 4402 inquirendi,
1064 4337 1154 4385 accitis
1171 4337 1242 4386 undi-

151 4411 209 4461 rnlt
227 4413 334 4474 Noster,
353 4428 465 4462 errorem
482 4414 549 4463 hunc
567 4414 678 4463 miiitum
716 4429 766 4479 que
783 4415 876 4477 Magis,
894 4412 1039 4475 astrologis,
1055 4411 1242 4475 haruspicibus,

150 4486 288 4550 probatum
310 4501 359 4538 nec
381 4488 481 4538 irritum
501 4488 592 4553 tuisse,
608 4489 678 4555 qnod
716 4489 867 4553 nomineque
890 4489 1074 4552 pretermisso,
1093 4490 1136 4552 qul
1156 4488 1242 4553 liujus,

152 4571 256 4615 sensum
268 4563 365 4615 viribus
385 4563 492 4615 lnlcnor
508 4572 577 4617 esset
591 4565 677 4618 militi·
716 4564 785 4615 modi
796 4561 1113 4629 fallaciasproiitercntsr.
1135 4564 1241 4619 Romsrn
