2850 5256
254 704 319 770 896
459 690 465 697 ”
601 717 708 767 uuna
732 717 932 766 vautouuu
957 717 996 766 tu

255 860 387 925 conjugem
398 865 425 908 et
439 857 518 908 uttan
528 859 585 921 ejus
596 857 725 907 hostiliter
735 858 778 905 bs·
815 856 933 905 nesciunt
954 854 1017 906 talla
1035 854 1210 916 doctissimos,
1227 857 1340 917 gratissi·

255 935 327 985 beri.’
358 935 508 983 Sallustius:
529 933 618 996 ‘Sylla
634 933 778 981 exercitum
814 945 878 991 mos,
887 932 1060 980 sanctissimos
1070 931 1186 979 homiues
1200 932 1339 996 scriptitas·

254 1008 384 1057 luxuriose
394 1008 520 1071 ulmisque
531 1006 675 1056 liberaliter
685 1007 779 1056 babue·
815 1021 853 1067 se,
864 1022 904 1055 me
915 1008 1027 1056 scribere
1041 1006 1189 1068 mirentur,'
1200 1011 1252 1056 dte.
1276 1007 1341 1057 vite

255 1082 311 1134 rat!
343 1083 573 1133 Ovidiusseouudo
582 1083 615 1132 de
627 1091 682 1132 arte
693 1096 779 1132 amau·
814 1088 842 1132 et
850 1081 958 1131 Ausonii
968 1083 1049 1131 nostri
1061 1082 1150 1145 Epigr.
1163 1095 1235 1132 xutt.
1247 1090 1275 1132 et
1286 1097 1341 1148 que

254 1159 295 1208 di:
314 1159 450 1208 ‘Rivalem
458 1164 607 1207 reverenter
616 1157 696 1207 lrabe’
707 1158 779 1207 Idess.
815 1157 840 1205 iu
854 1157 960 1220 Epilogo
968 1157 1100 1206 centonis.

255 1261 259 1267 ι
287 1234 375 1283 Noli.
403 1234 518 1282 lNostra
536 1233 605 1281 sisnsl
623 1234 708 1293 soriis,
725 1232 779 1296 qo]
846 1232 959 1281 audet
976 1230 1107 1294 punietis]
1126 1231 1185 1295 Ego
1208 1232 1271 1281 illud
1291 1245 1343 1295 per-

254 1310 322 1359 Ssne
338 1322 424 1371 nugax
442 1309 485 1358 laic
496 1323 591 1371 sersus,
600 1308 665 1358 iicet
683 1323 729 1373 pro
742 1310 779 1357 le·
814 1308 900 1368 ιιιὶιιιι,
912 1305 980 1371 qnod
991 1308 1016 1355 iu
1029 1307 1178 1370 quibusdam
1191 1307 1266 1358 editt.
1275 1307 1342 1359 baed

256 1385 346 1449 gitimo
363 1383 424 1433 alibi
438 1398 454 1433 a
466 1384 581 1446 plurimis
593 1391 620 1432 et
631 1384 702 1434 nobis
718 1399 779 1449 quo·
816 1381 853 1430 its
865 1381 1015 1444 spreverim,
1026 1389 1055 1431 et
1063 1381 1220 1445 simpliciter
1230 1385 1343 1448 explica·

255 1476 307 1526 que
328 1459 481 1524 productus:
508 1459 576 1523 quod
598 1475 660 1509 saue
681 1460 779 1510 sidebls
815 1459 895 1507 erim:
913 1459 989 1506 Musa
1000 1471 1056 1506 mea
1067 1458 1137 1507 iutra
1151 1458 1219 1508 recti
1230 1473 1341 1509 normata

256 1551 314 1586 cum
327 1537 447 1584 resolves.
479 1535 574 1584 Nostra
586 1535 780 1598 Epigrammata
816 1546 845 1581 se
862 1532 1009 1594 continens,
1021 1545 1104 1595 neque
1121 1531 1252 1583 dissolutis
1269 1545 1342 1585 utens

256 1611 537 1674 certsutvariisungis.
568 1611 664 1662 Quaeso
675 1612 732 1676 quis
743 1613 780 1660 ln·
816 1606 939 1666 moribus,
959 1605 1076 1668 adeoque
1093 1605 1172 1655 sobria
1192 1606 1266 1657 ludat
1282 1622 1341 1658 eon-

256 1705 303 1740 ous
313 1689 461 1749 relictusne*
475 1689 554 1750 dunel,
565 1689 632 1753 quod
649 1689 712 1739 nulli
723 1690 780 1739 usul
816 1683 896 1733 cessis
913 1696 997 1748 neque
1012 1685 1038 1734 in
1056 1698 1197 1749 quoquam,
1208 1687 1251 1750 qui
1264 1688 1341 1751 probs

256 1772 307 1826 est,
322 1765 370 1813 nlsl
389 1772 418 1813 ιιι
434 1764 599 1814 latinitatem
622 1764 716 1814 turbet.
747 1765 780 1814 Iu
816 1759 919 1821 vitelii,
945 1759 1056 1823 cdlviii!
1084 1759 1258 1824 cmiltlbut,
1283 1769 1342 1817 ml

256 1839 330 1889 libris
340 1836 396 1888 allis
406 1839 456 1888 lste
468 1838 533 1889 init:
553 1839 676 1900 Estiones
692 1841 717 1888 in
727 1855 780 1890 nos-
816 1833 1003 1885 lascivioribus.

255 1915 630 1977 tunnamsertmattntttettts.
663 1916 780 1967 Quisine
849 1910 900 1959 No·
918 1912 958 1958 1⁰·
999 1909 1142 1970 dalmati
1157 1909 1249 1974 idriis]
1264 1911 1340 1964 Quod

256 1989 309 2040 ullo
328 1988 407 2039 dubio
425 1989 553 2053 legitimus
570 1996 624 2051 est;
641 2004 699 2039 euru
718 1991 781 2041 duas
817 1984 916 2034 Pllttltts
934 1985 998 2035 dicit
1016 1992 1152 2048 argentum
1168 1986 1341 2037 virumreue·

256 2071 343 2114 sscsm
365 2062 461 2114 subdat
482 2070 652 2129 pentameter,
667 2080 726 2131 qua
748 2080 781 2115 ex
816 2074 876 2108 num
892 2076 949 2111 esse
965 2075 1049 2110 rerum
1065 2062 1189 2123 omnium,
1199 2061 1237 2125 ld,
1253 2063 1342 2114 muts

257 2140 367 2190 aduerso
386 2140 543 2204 respondent
557 2140 625 2203 jocis
646 2148 673 2189 et
692 2141 781 2191 serlisn
818 2136 994 2200 Dioscorides,
1004 2142 1104 2201 potum,
1115 2150 1161 2187 suo
1177 2137 1295 2201 pondere
1304 2140 1341 2190 io·

252 2215 385 2266 ‘statuas
405 2217 450 2265 tna
471 2222 567 2279 partes,
588 2217 634 2265 bas
655 2215 781 2280 Epicurus
818 2219 1005 2262 ternaexane.
1041 2212 1148 2262 Vinctus.

257 2289 330 2352 agit?
371 2291 489 2340 Furoiliis
512 2291 590 2354 igitur
611 2292 781 2354 excipiendus
850 2289 953 2339 Noli.
985 2289 1342 2355 bdiirisetiingaaessssfliis]

257 2364 437 2428 supposititius
456 2366 481 2414 ln
497 2367 605 2427 gratiam
620 2366 783 2430 veterispro·
817 2364 909 2416 ‘Quid
929 2365 998 2414 euius
1025 2371 1067 2414 est
1088 2379 1140 2414 sox
1165 2366 1215 2415 nlsl
1234 2366 1342 2417 intentio

258 2438 335 2504 bique
347 2439 421 2504 hujus
432 2440 538 2491 domini.
561 2443 686 2492 Bartiisss.
817 2438 894 2502 siris,
914 2446 942 2490 ut
968 2440 1088 2490 audiatur
1111 2440 1205 2504 lingue
1232 2440 1343 2499 formata

289 2518 305 2563 ι
330 2513 404 2564 Solos
427 2515 487 2565 rsiisi
511 2517 625 2580 netum]
656 2519 783 2582 Mulorntu
818 2513 964 2578 percussui'
1001 2514 1102 2564 Seneca
1136 2515 1203 2565 libro
1228 2517 1342 2567 seuam

257 2597 403 2641 nostrorum
426 2592 513 2656 vitam,
542 2592 671 2655 instituta,
691 2607 784 2657 mores,
819 2591 996 2642 Quesrtunnn
1014 2589 1187 2639 Naturalium.
1219 2591 1262 2641 Da
1279 2606 1342 2643 suno

257 2680 299 2715 res
318 2673 414 2731 gestas,
424 2669 518 2717 nostris
535 2667 590 2717 iere
608 2667 780 2731 praeferimus:
819 2674 848 2717 et
863 2681 926 2716 voce
937 2667 1019 2714 multa
1030 2664 1167 2714 Severianus
1183 2664 1251 2716 libro
1262 2667 1341 2732 primo

259 2741 326 2804 quud
338 2749 365 2790 et
374 2740 484 2791 sortasse
493 2751 638 2791 merentur:
651 2744 717 2792 unde
730 2744 783 2792 He·
819 2742 850 2792 ris
869 2742 898 2791 nb
913 2741 964 2804 rapi
982 2740 1099 2804 ἑρμηνεία
1116 2739 1272 2791 Aristotelis.
1302 2743 1341 2791 l's'·

257 2816 343 2864 siodus
360 2830 391 2864 ex
403 2818 514 2880 quinque
536 2817 662 2865 homiuum
682 2819 783 2878 generi·
818 2827 895 2869 notos.

258 2889 314 2949 bus,
326 2903 370 2936 seu
384 2890 514 2949 aetatibus,
525 2891 644 2951 primum,
658 2899 686 2939 ut
697 2899 783 2940 vetus·
851 2901 865 2941 ὅ
896 2895 1021 2943 Extremus
1042 2897 1153 2954 mersis
1177 2893 1269 2954 arodus]
1294 2890 1342 2951 'libr

257 2961 390 3023 tissimum,
408 2961 446 3009 ita
462 2963 587 3024 optimum
603 2966 782 3024 prestantissi-
819 2969 891 3016 Echo
911 2970 1023 3031 appellat
1040 2965 1142 3016 Euodus
1162 2966 1228 3015 libro
1247 2976 1340 3030 quarto

257 3050 376 3100 tuumque
399 3036 473 3099 t'acit,
493 3043 521 3086 et
543 3038 599 3087 Diis
621 3038 683 3102 ipsis
706 3042 782 3104 plane
820 3043 971 3091 Graecorum
989 3042 1290 3105 Epigrammatuur,'llxb
1307 3063 1342 3102 ps·

257 3127 317 3178 per:
336 3114 467 3178 quinctum
481 3129 552 3174 vero,
570 3123 598 3164 ut
618 3123 782 3181 postremum,
818 3117 932 3179 peninon,
947 3121 1023 3179 φωνῆς
1038 3116 1124 3181 τρύγα,
1143 3117 1244 3179 ῥήματος
1266 3120 1339 3183 cipio.

256 3191 295 3239 ite
307 3191 442 3253 pessimum
454 3191 680 3257 miserrimumque.
714 3196 782 3246 Hinc
820 3192 851 3241 td
869 3195 1015 3253 est,‘Fcbo
1037 3192 1201 3242 imitatricem
1212 3196 1341 3255 sermonis,

256 3269 354 3330 Trogus
366 3269 488 3319 Justiuo‘
502 3268 540 3316 vir
557 3270 648 3331 prisca
662 3272 780 3335 eloqueu·
820 3271 891 3318 vocis
902 3268 1003 3328 facem,
1015 3268 1086 3316 verbi
1098 3268 1225 3317 caudam!
1250 3270 1323 3317 idern.

258 3343 487 3407 tite’tsppellatur,
509 3351 536 3393 et
556 3347 693 3395 Paterculo
721 3347 780 3396 ‘A·
852 3344 950 3391 No.l2·
984 3340 1339 3407 tcnjnnopnntt’ntste11tn·

258 3418 361 3479 pronius
384 3420 422 3466 vir
449 3419 619 3482 antiquissimi
647 3423 723 3470 moris
754 3429 781 3471 et
819 3419 913 3481 sonius,
924 3433 981 3467 cum
993 3419 1157 3480 Epigramma
1169 3433 1241 3466 suum
1257 3420 1341 3467 urodu·

258 3492 351 3554 priscte
363 3492 515 3555 gravitatis,'
525 3501 552 3542 et
569 3495 707 3544 Favorinus
719 3497 780 3546 (lal-
819 3498 924 3557 latetur,
934 3495 1158 3558 contemplabatur
1173 3497 1260 3559 ntique
1270 3497 1338 3544 Posi·

256 3567 295 3615 lus
308 3565 466 3616 Arelatensis
478 3570 600 3631 juvenem
610 3569 711 3619 ‘vivere
728 3586 781 3620 mo·
818 3573 890 3636 dippi
903 3570 995 3634 Καιρὸν,
1005 3577 1034 3619 ut
1046 3571 1153 3618 aemulus
1162 3571 1271 3634 speeiem
1280 3571 1338 3620 iude

256 3641 326 3689 ribus
346 3643 499 3704 preteritis'
508 3643 585 3705 jubet
602 3645 669 3707 apud
686 3644 780 3696 Aulum
814 3647 915 3710 judicio
932 3645 1090 3708 arbitrioque
1102 3660 1148 3693 suo
1165 3646 1281 3707 duceret,
1293 3659 1338 3694 nou

256 3717 369 3766 Gellium
386 3717 451 3765 libro
471 3718 569 3780 primo:
586 3719 653 3782 quod
675 3722 781 3784 antiqui·
818 3728 848 3771 ut
860 3722 985 3783 interpres
999 3718 1148 3782 perfiguras
1160 3734 1338 3769 ournesversus

258 3798 306 3847 tas,
317 3791 668 3855 quedelectabutur,sobris,
681 3794 780 3843 modes·
819 3798 956 3859 dirigeret:
978 3795 1088 3859 ideoque
1106 3795 1186 3844 veluti
1205 3796 1339 3856 complura,

257 3873 293 3925 ta,
305 3867 373 3916 bona
383 3864 484 3915 fuisset.
516 3867 560 3915 Sic
572 3868 780 3929 manturanen·
818 3881 845 3921 et
864 3872 970 3920 sortasse
988 3872 1069 3934 gratia
1087 3871 1248 3931 elegantiore
1263 3878 1337 3918 muts·

256 3943 300 4004 tiu,
318 3943 435 3991 Ciceroni
450 3942 518 4004 apud
530 3942 699 4004 Augustiuum
714 3944 780 3993 libro
818 3949 864 4006 uit,
875 3949 912 3995 ita
923 3947 1098 3996 celebrationis
1110 3945 1195 4006 faunos,
1206 3961 1283 4008 quam
1296 3948 1337 4008 Ly·

255 4017 369 4065 secundo
390 4015 423 4065 de
449 4018 560 4065 Ciuitate
582 4018 641 4078 Dei,
664 4018 779 4081 Virgilio,
818 4025 906 4086 sippus
933 4021 1022 4081 fuerit,
1049 4021 1181 4069 simularit
1206 4021 1336 4069 artificem.

256 4092 373 4142 Ausonio
394 4107 480 4141 rursus
500 4094 586 4143 eidem
606 4095 630 4141 iu
650 4101 780 4156 postremo
818 4098 970 4146 Admonitus
999 4097 1042 4160 (ut
1067 4095 1193 4158 arbitror)
1219 4096 1338 4145 versiculo

256 4169 376 4217 Carmine
393 4169 578 4230 Parentalium,
593 4178 620 4219 et
634 4171 699 4232 aliis,
712 4185 780 4220 cotu-
818 4174 956 4233 Martialis,
964 4173 1006 4236 qui
1016 4171 1191 4221 fabrefactum
1203 4188 1219 4220 a
1229 4172 1337 4235 Lysippo

256 4243 411 4292 mandantur
421 4245 516 4308 antiqui
528 4258 619 4293 mores.
657 4245 761 4294 Vinctus.
819 4248 939 4297 Herculis
952 4247 1141 4306 simulachrum,
1157 4254 1269 4309 propter
1285 4259 1337 4307 ope·

287 4321 392 4369 adoino
410 4321 468 4369 mibi
488 4321 602 4383 celemon]
631 4320 730 4368 Plinius
752 4322 779 4370 in
817 4323 1046 4386 rispraestantiem,
1067 4319 1337 4380 Pbiditesuisseiliud,

255 4395 345 4443 eadem
364 4410 401 4454 re,
421 4396 465 4445 lib.
487 4410 513 4443 v.
537 4397 621 4458 Epist.
639 4401 664 4444 ι.
699 4397 779 4445 ‘Nec
817 4397 1194 4461 reputesscprimumusseritt
1213 4395 1339 4456 ‘Inscrip-

255 4483 317 4517 vero
331 4472 438 4520 moleste
449 4471 514 4531 t'ero,
525 4473 589 4521 baur.
608 4487 664 4520 esse
676 4473 709 4520 de
725 4488 778 4520 rno-
818 4479 844 4521 ta
864 4479 903 4520 est
920 4472 997 4533 basis,
1017 4471 1164 4534 indicatque
1183 4484 1280 4529 nornen,
1294 4475 1338 4516 Λν-

256 4541 325 4589 ribuu
348 4545 410 4592 mels
431 4546 665 4596 existimationem:
686 4554 714 4596 ut
736 4549 779 4612 qui
817 4547 904 4596 nirano
922 4546 1100 4611 lego,Plsidite
1121 4547 1234 4610 putari!
1257 4543 1340 4594 sanas
