2806 5234
649 688 828 736 auruum.
1226 673 1293 742 566

189 828 274 893 nlo.
320 823 520 910 Sanguineis
533 828 622 891 ebuli
641 829 770 904 baccis,
783 831 955 914 minioque
970 832 1155 910 rubentem,

186 930 276 995 Ala.
322 929 463 994 Nudato
475 931 601 1011 capitu,
615 927 635 969 ⁸
647 937 681 992 et
695 929 842 1012 pedibus
857 933 1165 1013 permutuauexis,
1198 931 1244 997 A.
1266 936 1289 997 7

183 1033 228 1096 A..
241 1031 275 1097 3.
324 1029 513 1095 Monstrum
538 1030 752 1109 horrendum,
776 1033 930 1109 informe,
951 1035 1077 1115 iugens,
1100 1035 1154 1097 cui
1174 1035 1285 1099 lumen

393 1132 574 1208 ademtam,

182 1232 277 1298 A.l⁰.
323 1231 432 1316 Eripit
447 1253 469 1298 a
481 1234 618 1311 femore,
635 1241 669 1300 et
679 1234 861 1316 trepidanti
877 1234 1028 1298 fervidus
1041 1235 1155 1300 instat.

181 1334 221 1398 A.
242 1334 274 1398 l.
322 1335 383 1399 Est
394 1336 429 1399 in
445 1355 596 1412 secessu,
608 1337 629 1378 *
644 1338 753 1398 tenuis
767 1355 836 1419 quo
851 1337 973 1399 semita
988 1335 1090 1411 ducit,
1201 1337 1283 1403 A.ll

181 1432 220 1500 A.
241 1435 274 1500 8.
322 1435 426 1520 Ignea
440 1437 523 1501 rima
538 1437 688 1501 micans:
711 1433 732 1473 ⁴
746 1436 885 1501 exhalat
897 1455 1011 1520 opaca
1025 1437 1154 1520 mepbi·
1198 1437 1240 1503 A.
1260 1440 1281 1502 7

391 1540 461 1602 tim.
600 1591 607 1604 .

178 1636 219 1702 A.
239 1639 274 1703 6.
320 1636 418 1703 Nulli
431 1638 484 1703 las
499 1644 597 1703 casto
613 1639 811 1703 sceleratum
825 1640 979 1703 insistere
994 1641 1105 1703 limen.

175 1738 216 1804 A.
236 1741 272 1804 7.
319 1738 391 1803 Hic
406 1758 532 1823 specus
546 1739 754 1803 horrendum.
778 1737 798 1778 *
820 1739 917 1804 Talis
932 1759 1006 1804 sese
1019 1740 1146 1805 halitus
1189 1741 1235 1804 A·
1257 1743 1281 1807 6

388 1840 470 1905 atris

174 1940 212 2006 A
231 1943 266 2008 6.
314 1941 489 2007 Faucibus
503 1941 689 2019 effundens,
705 1940 725 1981 ⁴
738 1961 834 2006 nares
850 1941 1014 2024 contingit
1024 1943 1138 2007 odore.
1189 1942 1278 2008 Aa

173 2042 267 2108 Au.
312 2042 409 2107 Huic
419 2042 555 2126 juvenis
570 2049 647 2107 nota
661 2042 764 2107 fertur
778 2043 912 2124 regione
928 2045 1078 2108 viarum:

175 2142 214 2208 A.
233 2146 267 2208 a.
311 2143 358 2208 Et
369 2145 680 2227 superincumbens
696 2145 717 2186 ¹*
733 2143 835 2208 nodis
850 2150 885 2209 et
900 2147 1023 2211 cortice
1045 2143 1148 2210 crudo
1190 2144 1233 2210 A.
1254 2148 1278 2212 9

174 2245 213 2308 A.
232 2243 267 2310 9.
312 2243 490 2328 intorquet
504 2245 644 2309 summis
660 2245 808 2310 adnixus
824 2246 956 2311 viribus
970 2247 1126 2310 nasamr

171 2344 264 2410 All.
310 2345 444 2411 Haesit:
468 2345 719 2431 virgineumque
735 2346 801 2412 alte
818 2348 906 2411 bibit
919 2353 997 2411 acta
1012 2366 1173 2411 cruorem.

171 2448 210 2512 A.
230 2448 264 2512 2.
311 2448 497 2513 Insonuere
512 2467 621 2526 cavae,
636 2448 866 2531 gemitumque
880 2448 1001 2512 dedere
1015 2466 1177 2513 cavemus.

170 2546 263 2615 All.
309 2549 378 2613 Illa
392 2568 493 2613 manu
508 2549 654 2613 moriens
670 2548 776 2612 telum
791 2549 908 2612 trahit:
930 2567 1011 2613 ossa
1026 2547 1088 2611 sed
1102 2549 1188 2612 inter

170 2648 206 2714 G.
227 2651 262 2715 3.
307 2649 427 2714 Altius
443 2652 488 2715 ad
504 2650 617 2714 vivum
633 2650 783 2734 persedit
799 2650 819 2692 ⁸
834 2651 972 2715 uulnere
987 2669 1115 2714 mucro.
1183 2647 1271 2715 A.11

170 2751 206 2814 A.
229 2755 264 2816 4.
309 2751 377 2816 Ter
392 2771 469 2815 sese
485 2752 659 2829 attollenS,
675 2752 858 2834 cubitoque
873 2752 988 2816 innixa
1004 2753 1148 2816 levavit:

307 2852 377 2916 Ter
391 2854 544 2917 revoluta
559 2859 633 2917 toro
649 2858 712 2916 est.
745 2854 766 2894 *
790 2853 911 2918 Manet
934 2854 1137 2937 imperterri-
1179 2851 1269 2917 Auo

164 3057 202 3119 A.
224 3055 258 3120 8.
307 2956 577 3132 Nectddsodldfnec
592 3057 745 3137 requies:
768 3054 788 3094 *
801 3055 1002 3137 clavumque
1018 3055 1138 3118 affixus
1181 3054 1224 3117 A.
1247 3056 1269 3116 5

379 3162 413 3220 et
425 3156 557 3220 haerens

310 3256 490 3340 Nusquam
507 3258 702 3321 amittebat:
720 3258 904 3339 oculosque
919 3259 983 3320 sub
999 3265 1091 3319 astra
1107 3257 1253 3319 tenebat.

164 3353 205 3420 A.
228 3357 262 3420 6.
306 3358 412 3441 Itque,
428 3358 579 3441 reditque
595 3360 685 3421 viam
702 3361 847 3424 totiens:
871 3361 892 3401 ⁴*
908 3369 1070 3442 uteroque
1086 3376 1135 3419 re·
1179 3355 1222 3419 A.
1244 3354 1266 3417 2

380 3479 481 3523 ousso

160 3560 203 3623 A.
225 3561 259 3624 9.
304 3560 522 3644 Transadigit
535 3560 687 3638 costas,*
702 3570 737 3624 et
752 3562 882 3643 pectine
897 3562 1154 3643 pulsateburno.
1175 3560 1220 3623 Α.
1241 3559 1263 3622 6

165 3660 207 3723 A·
229 3665 261 3725 5.
305 3661 329 3725 J
332 3682 453 3745 amque
467 3663 534 3726 iere
551 3665 664 3745 spatio
678 3670 838 3738 extremo,
852 3662 1011 3744 fessique,
1023 3663 1087 3725 sub
1103 3662 1209 3744 ipsam

307 3761 428 3827 Finem
441 3762 687 3828 adventabant:
711 3764 732 3805 *
749 3771 818 3828 tum
834 3765 948 3827 creber
963 3764 1129 3827 anhelitus
1174 3763 1217 3826 A.
1240 3764 1262 3824 5

376 3869 479 3940 artus,

660 3994 766 4046 NOTAE

186 4107 332 4169 ‘Hertonq
354 4109 402 4157 Est
421 4109 484 4157 illud
495 4108 689 4159 festivissimum
731 4107 841 4157 adnixus
854 4107 952 4156 viribus
969 4105 1085 4155 hestrut-¹
1117 4107 1185 4156 Nam
1202 4121 1259 4157 cum

154 4183 318 4245 perediamm
341 4195 432 4246 genus,
452 4199 510 4233 cum
527 4185 688 4234 servatisiir·
730 4184 838 4246 legisset
851 4182 920 4246 apud
931 4182 1069 4243 Virgilium
1078 4180 1104 4230 ld
1115 4183 1148 4230 de
1157 4182 1259 4231 Panda·

153 4257 209 4306 dem
222 4259 311 4307 verbis
329 4260 458 4308 sententia
477 4262 553 4324 longe
573 4261 625 4309 alio
646 4259 689 4308 de·
729 4273 758 4307 ro
769 4258 832 4319 dici,
843 4259 887 4322 qui
899 4259 1017 4306 Tamum
1034 4257 1209 4321 oppugnabat,
1225 4258 1257 4308 sd

153 4340 301 4397 torquetur.
333 4334 415 4382 Velut
435 4335 499 4384 illud
517 4335 586 4400 apud
606 4335 687 4384 Amo-
729 4348 810 4396 nugas
821 4332 951 4395 nuptiales
963 4332 1105 4381 transtulit.
1117 4333 1258 4395 liutgerum

153 4407 223 4456 nium
247 4408 274 4456 iu
303 4407 432 4469 Centone,
454 4423 529 4474 quem
552 4415 634 4459 totum
656 4423 688 4458 eo
728 4409 796 4459 bert.
807 4407 847 4457 lib.
860 4422 891 4457 rr.
903 4423 954 4472 erp.
966 4411 991 4457 2.

150 4496 248 4545 genere
259 4481 392 4533 confecit:
410 4483 566 4549 ‘lrltorquet
583 4485 688 4534 summis
