2850 5256
162 745 228 814 902
385 713 388 717 ⁵
508 754 616 804 noun
642 754 841 804 vanronun
869 753 907 803 ru

158 900 289 965 jestaneis
306 895 485 949 annotavimus
511 898 544 944 ει
566 893 685 968 Afranio.
720 895 807 946 Quare
817 901 845 944 et
856 896 881 944 in
888 893 1084 958 Epigrammata
1093 895 1244 959 legendario

160 976 276 1038 βαλέειν.
315 1015 328 1026 .,
514 1015 516 1020 .
604 970 608 979 ’
726 971 818 1020 Victori
833 972 943 1030 mose,
965 985 1060 1033 messor,
1080 972 1152 1020 celer.
1187 973 1248 1022 For·

166 1091 168 1094 .
193 1050 271 1100 Latiis
291 1047 422 1112 postbuiite
440 1045 511 1109 orsis]
539 1045 687 1095 Graeciser·
726 1055 792 1096 tasse
804 1047 825 1096 is
838 1045 907 1094 idem
923 1053 974 1106 est,
983 1047 1057 1108 cujus
1076 1046 1195 1097 meminit
1210 1049 1251 1098 δί·

162 1125 242 1176 ruonls
254 1124 394 1185 magister,
413 1134 488 1185 quem
506 1121 595 1171 melius
610 1133 688 1169 nove·
726 1122 817 1173 donius
832 1122 858 1170 in
878 1122 995 1185 Epistola
1006 1136 1022 1170 s
1033 1121 1107 1171 uobis
1122 1125 1200 1174 toties
1215 1125 1253 1173 ci-

163 1213 303 1263 m,qnam
314 1197 444 1247 hunum.
480 1197 587 1246 Vinctos.
727 1205 790 1247 tata.
822 1198 1154 1262 ersuqnsnruonrisletnr.
1188 1200 1256 1250 Nam

168 1309 172 1317 .
194 1278 227 1323 16
239 1273 370 1325 Prisoosst
381 1272 443 1336 beu]
458 1271 626 1322 Aitenndem
638 1278 692 1321 tres
727 1274 778 1323 iste
795 1272 989 1324 Grammaticus
1010 1281 1112 1323 tantum
1130 1273 1195 1324 fnit:
1212 1277 1257 1326 ille

164 1348 266 1399 Heroas
293 1346 327 1395 ab
349 1344 465 1396 Homero
486 1346 512 1395 iu
538 1346 691 1409 eloquentius
729 1349 798 1412 apncl
808 1348 940 1397 Sidonium
954 1349 1060 1399 Rbetor.
1096 1351 1255 1414 begeetiana

164 1424 242 1474 lande
280 1422 472 1472 commendatos
516 1421 690 1484 expressisse:
728 1425 844 1489 sumylss's
855 1425 957 1474 Caritas
964 1431 1011 1483 ,·st
1021 1426 1197 1478 bilststms's
1219 1429 1258 1478 Ut

165 1500 236 1552 Nem
246 1497 407 1562 βραχυλόγον,
418 1506 447 1549 nt
464 1499 621 1548 Menelaum:
641 1504 693 1546 tor·
730 1510 808 1563 snpra
819 1501 845 1549 iu
856 1501 1000 1551 Marcello:
1015 1502 1024 1528 ‘
1036 1501 1112 1551 luter
1123 1502 1256 1552 Gramma·

73 1627 74 1630 Ἴ
166 1581 276 1635 rentem,
292 1579 322 1622 nt
342 1572 475 1636 Ulyssem:
493 1578 642 1622 suavem-et
660 1585 693 1620 ex
732 1577 796 1626 tioos
824 1577 964 1640 praetsnnIs
990 1576 1094 1625 meriti!
1139 1578 1256 1627 Deinde:

166 1659 278 1716 utroque
288 1651 437 1712 mistum,nt
448 1649 587 1700 Nestorem
597 1647 693 1699 faisse:
732 1651 977 1714 AdmsdsSs‘cslo.
1008 1652 1134 1714 Scaliger.
1201 1707 1205 1710 ,

168 1735 196 1778 et
209 1728 251 1796 ita
264 1727 316 1776 tris
335 1737 431 1788 genera
450 1724 554 1774 dicendi
571 1724 596 1772 in
612 1723 694 1774 tribus
736 1736 739 1741 ⁴
768 1726 899 1789 Victorias]
924 1725 993 1777 Quia
1014 1726 1122 1789 syllaba,
1140 1742 1179 1788 ec,
1200 1741 1255 1777 rer·

167 1802 235 1852 illis:
263 1801 312 1849 boc
334 1807 384 1862 est,
406 1798 489 1862 ἰσχνὸν
508 1799 534 1848 in
556 1799 694 1848 Menelao:
733 1815 789 1850 sum
800 1801 891 1850 vitiare
902 1800 1255 1858 ridebatur,eamrleleurlarn

168 1875 237 1940 lbplr
257 1876 284 1925 in
306 1875 419 1939 Ulysser
435 1874 557 1935 utconlu
581 1874 695 1924 Nestore
733 1876 837 1930 censui:
854 1884 883 1925 et
900 1877 1014 1926 lutitnlo
1032 1877 1132 1926 Victoris
1142 1879 1256 1927 κήδου-

169 1949 409 2004 eseontomsnisse.
443 1951 559 2013 Scaliger.
733 1950 794 2000 dnm
812 1952 902 2002 sines.
928 1951 961 2000 In
976 1952 1256 2015 qnotitulo‚Sranoc·

201 2027 300 2081 Priscae
311 2025 416 2090 Hessos]
432 2029 551 2078 Lucanus
568 2028 595 2077 iu
613 2028 696 2077 Paus-
732 2035 823 2078 nosset
833 2027 1259 2094 Paoscnouvsdiairirletnr,qua·

170 2101 276 2166 gyricm
293 2102 378 2153 ‘Nam
398 2111 436 2166 tn,
448 2104 502 2154 sire
517 2104 581 2153 libet
600 2103 697 2167 puriter
734 2101 776 2163 lis,
786 2116 862 2166 qnsrn
880 2116 926 2151 uos
942 2103 1021 2166 volgo
1035 2102 1260 2167 subprincipalem

170 2192 230 2229 cum
250 2179 374 2241 grandine
392 2179 499 2242 nimbos,
510 2180 649 2243 Deumque
660 2179 697 2226 ri·
734 2178 761 2228 ln
777 2179 873 2227 nostris
892 2178 987 2228 sobolis
998 2179 1150 2241 vocitemus,
1161 2180 1207 2244 qni
1223 2195 1261 2229 ss·

143 2249 148 2260 ‘
171 2253 248 2316 brata
267 2254 378 2320 Jscnlsri
399 2253 505 2305 fulmina
530 2256 626 2318 lingua,
647 2255 698 2304 sen
735 2253 835 2302 cnudns
850 2252 911 2303 sita
927 2253 1070 2318 Principali
1086 2261 1115 2305 et
1131 2254 1262 2305 Proefeeto

167 2328 411 2391 Jumadsnistas:
431 2333 481 2380 tic.
499 2330 567 2379 Vide
584 2337 613 2379 et
632 2330 698 2380 Nos·
735 2330 840 2390 seboin,
861 2330 970 2394 ejusque
993 2330 1074 2381 ricem
1089 2338 1184 2394 ‚gerat
1221 2331 1261 2380 Vi-

172 2412 241 2454 trnm
258 2405 284 2453 iu
300 2404 448 2455 Gratiarum
460 2405 521 2457 Act.
532 2412 560 2454 et
571 2406 654 2468 Epist.
664 2405 697 2454 sd
735 2408 812 2453 amas.
1094 2397 1097 2403 ’

172 2481 309 2532 Probum.
330 2483 470 2546 Comparat
496 2490 524 2532 et
548 2482 698 2531 Messallam
741 2520 745 2526 .
767 2480 936 2544 tOpisosqse]
952 2479 1261 2529 Immunduscsordidas

173 2572 247 2610 snum
258 2558 347 2623 Ulyssi
357 2567 386 2608 et
399 2557 504 2608 Nestori
519 2558 636 2607 Tibullus
653 2557 698 2607 llb.
737 2555 956 2619 sitnacpulrere.
990 2557 1065 2606 luna.

173 2645 213 2680 rr.
224 2633 298 2696 Eleg.
310 2647 330 2682 r.
746 2671 750 2677 .
768 2636 785 2681 o
801 2631 923 2695 Sum‘yicis
936 2631 1049 2693 Caribus]
1064 2631 1156 2681 cnam
1173 2645 1265 2695 persn-

205 2711 237 2756 23
260 2708 333 2772 Fata]
361 2707 392 2761 Α,
408 2709 485 2758 serbo
506 2707 565 2771 fari,
586 2705 700 2757 notanda
737 2708 809 2771 tique
821 2707 972 2756 Sabinorum
991 2706 1094 2755 Italicas
1105 2707 1190 2768 gentis
1202 2706 1264 2754 ciri·

174 2799 224 2833 vox
234 2784 341 2833 inventu
354 2798 418 2834 rara.
456 2785 562 2832 Vinctus.
738 2784 892 2842 tas,Nuniae
904 2782 1026 2844 Pompilii
1039 2788 1131 2843 patria.
1167 2784 1241 2831 Idem.

206 2863 239 2905 26
256 2859 468 2920 Mytlsoplusmutu]
489 2859 575 2914 Μῦθος,
594 2857 700 2906 fabula:
770 2858 872 2912 leorl
897 2857 992 2918 Custos]
1024 2858 1137 2905 Castoris
1168 2858 1262 2905 veteris

179 2929 286 2990 πλάσμα,
297 2930 569 2991 figmentum,averb0
581 2931 701 2992 πλάττειν,
739 2932 1002 2993 criminationesque
1028 2932 1070 2977 nte
1096 2932 1194 2978 mentio
1222 2931 1264 2991 nr,

175 3003 280 3066 fingere·
312 3004 387 3051 Idem·
738 3006 1265 3068 meminiretsrepnsnusiuvoeesumtu

207 3084 239 3128 28
257 3078 381 3140 Nuncisci]
399 3079 458 3128 Non
471 3085 599 3142 poterant,
610 3081 702 3144 inquit,
738 3086 850 3134 Videtur
859 3083 984 3132 Ausonius
993 3082 1099 3130 inuuere
1108 3082 1176 3130 bunc
1185 3083 1266 3144 scrip·

175 3156 288 3206 nancisci
300 3170 379 3219 genus
399 3169 482 3217 snum,
495 3170 543 3204 nee
555 3156 663 3218 probare
675 3171 703 3205 se
739 3162 803 3210 sisse
815 3161 848 3208 de
857 3160 979 3210 nistoriis
991 3158 1125 3219 ambiguis,
1156 3160 1267 3207 pmef.

178 3235 314 3296 ingennos,
341 3232 455 3296 quamvis
478 3246 505 3279 ro
526 3246 586 3280 vcra
608 3238 704 3280 essent.
740 3250 773 3285 ea
789 3237 902 3300 ejusdem
921 3236 1038 3285 Castoris
1057 3234 1266 3282 historiaedere·

178 3312 254 3364 Quod
271 3313 321 3364 illis
341 3326 391 3373 ego
410 3311 535 3361 accidisse
553 3317 627 3373 puto,
643 3312 704 3373 quia
741 3311 815 3373 gibus
828 3309 950 3359 Barbaria
966 3309 1081 3357 meminit
1094 3317 1166 3357 vetas
1176 3318 1266 3356 auctor

178 3386 290 3449 expositi
301 3384 417 3446 finissent,
425 3392 452 3434 et
464 3393 584 3448 parentes
594 3400 638 3434 eos
650 3386 704 3433 nol·
741 3386 900 3434 Christianus
912 3383 1066 3433 Africanus:
1083 3383 1125 3446 qui
1142 3391 1168 3431 et
1186 3384 1265 3444 paulo

179 3465 234 3512 lent
255 3474 376 3511 asserere.
409 3463 441 3511 Id
463 3463 531 3526 qnod
556 3463 652 3512 accidit
674 3463 705 3512 C.
741 3467 799 3523 post
811 3461 894 3521 addit,
906 3459 970 3508 oiri
989 3458 1058 3522 Σύρια
1073 3457 1266 3520 σνηεγραφόης

179 3537 330 3597 Melisso,et
341 3537 389 3599 ipsi
401 3552 501 3602 qnoque
513 3537 703 3586 Grammatico:
741 3536 894 3598 Kouropirul
905 3535 1008 3585 enatos·
1039 3533 1265 3586 Quotidicitnrab

180 3613 291 3676 quicum
308 3613 406 3676 Spoleti
422 3621 497 3661 natus
509 3618 577 3661 esset
595 3612 705 3675 parenti·
740 3612 854 3661 Ausonio
871 3613 1005 3675 scripsisse
1021 3611 1099 3660 libros
1115 3610 1149 3659 de
1165 3610 1267 3673 regibus

180 3688 227 3736 bus
247 3689 372 3750 ingenuis,
393 3696 477 3736 tamen
496 3687 528 3734 ob
548 3701 635 3736 eorum
655 3687 704 3734 dis·
740 3687 874 3750 ambiguis,
886 3688 912 3735 id
932 3685 1096 3736 referendum
1113 3684 1218 3734 ridetur
1234 3687 1267 3734 ad

181 3764 295 3813 cordiam
308 3763 451 3827 expositus,
463 3776 524 3810 cura
541 3769 569 3810 et
579 3762 705 3811 industria
741 3763 794 3825 ejus
807 3763 885 3813 libros
902 3764 1014 3825 χρονικὰ
1032 3760 1195 3821 ἀγνοημάτων,
1207 3775 1267 3824 quo-

181 3840 325 3889 edncatoris
343 3839 382 3887 sui
400 3836 548 3886 liberalibus
561 3836 651 3885 studiis
667 3837 704 3884 in·
742 3852 797 3886 rum
824 3838 941 3886 meminit
973 3835 1074 3885 suidas.
1118 3835 1149 3884 In
1177 3836 1266 3897 quibos

180 3917 286 3965 stitutus
297 3913 356 3973 fuit,
365 3926 395 3961 ac
405 3913 543 3961 Maecenati
556 3927 603 3975 pro
614 3912 705 3961 Gram·
741 3915 880 3976 scripserat
898 3913 930 3961 de
947 3912 987 3973 iis,
998 3927 1054 3976 qun
1071 3911 1137 3960 salso
1149 3911 1268 3960 diceban·

182 3992 276 4043 matico
299 3991 399 4041 muneri
421 3991 503 4040 datus.
537 3992 620 4043 Quem
641 3990 706 4039 adeo
742 3989 840 4039 tursub
853 3989 898 4037 tali
911 3997 956 4037 aut
969 3989 1013 4036 tali
1026 4001 1089 4050 rege
1100 3985 1169 4035 facta
1180 3986 1268 4035 inisse.

183 4071 289 4130 amarit,
300 4074 329 4117 ut
344 4075 477 4117 asserente
495 4075 576 4117 matre
588 4068 707 4116 maluerit
743 4061 970 4127 Ettruxporsopobs
981 4070 1098 4111 veterum
1113 4063 1269 4125 scriptorum

182 4145 706 4206 iustatuservitutisperruauere,etvera
744 4141 879 4203 arguebat:
910 4140 1040 4200 multaque
1066 4144 1195 4199 praterea
1219 4150 1269 4184 uon

183 4222 275 4285 origini
288 4228 442 4284 presentem
451 4219 623 4267 conditionem
636 4225 707 4267 ante·
742 4225 819 4265 antea
829 4215 933 4277 cognita
948 4228 981 4262 ex
996 4212 1129 4261 recondita
1141 4219 1270 4260 vetustate

182 4297 260 4346 serre.
296 4295 382 4359 Atque
399 4297 419 4343 is
437 4294 496 4342 mini
514 4294 615 4342 videtur
634 4293 707 4355 bnjns
743 4292 857 4340 eruebat.
889 4289 964 4340 Quod
976 4295 1050 4351 patet
1061 4302 1095 4337 ex
1106 4286 1226 4336 Varrone
1244 4288 1269 4335 iu

183 4373 233 4421 loci
244 4384 350 4420 sensus:
368 4379 395 4419 et
407 4383 468 4418 vera
478 4367 632 4417 emendatio.
649 4367 705 4415 Scu-
743 4368 815 4417 libris
833 4368 866 4415 de
876 4368 938 4415 Vita
950 4367 1017 4428 Pop.
1030 4366 1103 4413 Rom.
1115 4365 1156 4413 his
1168 4364 1266 4414 verbis:

185 4447 253 4505 liger.
744 4444 752 4469 ‘
765 4442 794 4490 lu
806 4442 870 4491 caelo
886 4441 1001 4490 mirabile
1013 4441 1103 4489 extitit
1114 4446 1267 4502 portentum.

217 4521 268 4568 No.
288 4524 335 4568 212
365 4520 479 4582 Victorio]
500 4521 642 4583 Perpernm
664 4534 707 4567 an·
745 4519 812 4567 Nam
833 4520 857 4566 iu
881 4518 954 4566 stella
976 4517 1087 4564 Veneris
1110 4512 1269 4573 nobilissima,

186 4594 230 4638 tes
244 4594 380 4656 legebatur
395 4596 523 4659 Victorino,
534 4610 581 4660 pro
597 4596 708 4647 Victorio.
745 4609 820 4659 quam
832 4594 941 4644 Plautus
953 4591 1159 4656 vesperuginem,
1170 4587 1269 4659 liniue·
