2806 5234
426 761 582 813 nusouu
608 764 892 818 nerduinum.
1141 759 1207 825 915

112 902 310 966 genduauut'ern
322 901 352 951 Ι..
366 901 504 965 Coaoiciuo,
521 919 595 969 quem
615 905 641 953 iri
679 905 813 955 hactenus.
844 907 920 957 Unde
932 914 1016 961 tamen
1028 912 1147 964 detracta
1160 929 1206 980 po·

112 977 204 1026 Africa
221 976 315 1026 vidioae
327 977 425 1026 Plinius
436 993 464 1028 ae
476 980 577 1041 aruerit,
588 995 643 1028 run·
678 980 777 1038 tinnio
785 982 1206 1056 praetermimorediderim,quam

114 1060 197 1101 tatum
209 1052 234 1099 iu
247 1066 342 1102 marem
355 1055 501 1116 nuptiarum
513 1055 563 1105 die.
590 1055 642 1104 Au·
678 1055 765 1105 Gellio
777 1055 953 1120 imprudenter
962 1059 1057 1112 addita.
1077 1065 1205 1117 Niirilde·

111 1128 198 1176 ronius
209 1126 304 1176 festive
312 1127 486 1192 androgynum
495 1145 552 1180 eom
562 1131 642 1180 nomi·
677 1131 754 1196 nique
781 1132 837 1196 ipae
862 1133 977 1196 demuto,
1002 1137 1085 1188 looorn
1106 1141 1203 1193 indico.

112 1211 165 1263 nat,
187 1203 308 1252 Graeoam
330 1204 439 1254 nomini·
459 1207 641 1270 etymologiam
678 1209 747 1259 iilud
758 1224 859 1275 quoque
870 1224 920 1260 non
931 1210 1108 1276 intempestive
1119 1217 1204 1282 rigna.

110 1276 147 1326 itu
157 1286 298 1339 mutilatur,
310 1285 430 1342 tauquam
443 1281 530 1330 vocari
550 1281 641 1332 andro·
677 1299 739 1334 vero
751 1301 759 1346 3
776 1286 944 1350 Epigramma
956 1288 1039 1349 iprum
1049 1287 1204 1352 (proaertim

110 1368 205 1417 gynum
217 1353 363 1416 conveniat,
373 1361 401 1403 et
411 1355 455 1419 qui
466 1356 547 1405 mixto
555 1356 640 1420 dupli·
676 1375 733 1410 cum
745 1361 919 1424 inscriptione
929 1359 1048 1425 deficiat)
1059 1361 1085 1411 iu
1100 1367 1205 1415 catami-

110 1429 186 1494 cique
205 1444 269 1501 pexu
288 1429 331 1491 rit,
348 1434 375 1478 et
391 1431 478 1495 quiex
489 1433 639 1495 onarpecie
676 1441 730 1484 tum
748 1436 907 1499 quempiam,
929 1435 1117 1500 pudentissimo
1132 1452 1206 1503 argu.

110 1505 137 1552 io
146 1505 221 1553 uliam
232 1504 371 1554 transierit.
381 1505 462 1555 Velut
471 1508 549 1556 etiam
557 1507 638 1572 (quod
676 1509 755 1558 menti
783 1511 909 1560 velamina
937 1508 1050 1574 confingi
1080 1513 1204 1574 potuioae.

110 1577 640 1646 deArnreriuddrtemiriumttraditum)
673 1583 839 1648 Trauqniiina
861 1584 894 1633 de
916 1585 1041 1635 Nerone:
1071 1585 1205 1638 ‘Puerum

109 1672 168 1721 qun
181 1658 526 1721 animumanimumum,
546 1659 637 1708 andro·
673 1659 783 1722 Sporum
811 1661 911 1710 erectio
933 1660 1044 1711 tentibur
1070 1662 1150 1712 etiarn
1177 1664 1205 1714 in

109 1746 194 1797 gynen
207 1731 342 1782 vocabant.
374 1732 484 1783 Omne·
494 1749 554 1783 rero
566 1736 638 1784 nori·
672 1735 824 1784 muliebrem
836 1746 954 1786 naturam
963 1736 1150 1801 transfigurare
1162 1754 1205 1789 oo·

109 1808 169 1856 tatia
189 1807 265 1870 bujua
288 1807 484 1858 admirationem
512 1810 637 1873 quiapinm
673 1809 816 1862 natarent?
832 1810 971 1862 Ammo.

109 1883 254 1946 Campanae
281 1898 364 1949 nuper
388 1886 503 1949 eontulit,
529 1888 636 1936 Romam
708 1884 776 1934 Vidit
784 1885 1011 1936 uuinthliuiua
1019 1887 1205 1954 Admau]

109 1957 252 2022 profectur,
273 1966 304 2010 ut
322 1961 449 2025 conjugali
476 1972 636 2013 sacramento
673 1958 710 2010 Ut
731 1961 808 2010 etiam
828 1961 909 2010 minua
932 1960 1076 2013 tuoruum
1103 1966 1205 2029 credar,

109 2034 220 2084 aoiutmn
231 2035 336 2085 aiteram
346 2051 452 2086 uxorem
464 2037 569 2100 ducere,
580 2039 635 2088 aine
672 2037 780 2087 rimatur
792 2037 929 2088 Lusitano·
940 2030 968 2088 at
984 2041 1136 2091 Ambrosioa
1152 2044 1203 2092 Pa·

109 2108 161 2157 uilo
169 2109 268 2158 violatur
278 2110 409 2175 religionis
419 2119 501 2176 meio,
510 2112 549 2163 faa
559 2113 636 2166 i'oret.
673 2127 739 2163 reno
753 2121 841 2163 uoatra
852 2122 931 2164 aetate
942 2114 1036 2164 aimiiia
1046 2131 1074 2165 ae
1086 2117 1204 2182 prodigia

108 2181 188 2231 Prior
205 2185 270 2234 anim
292 2186 349 2249 ejno
369 2201 434 2236 uxor
462 2188 545 2252 primo
572 2189 635 2240 lecti
672 2186 698 2235 in
717 2187 843 2251 Hiapauia
854 2195 881 2236 et
893 2188 980 2238 Gallia
991 2188 1097 2252 vidirae,
1107 2206 1203 2242 merno-

108 2258 215 2324 tudere,
227 2262 359 2326 primoque
375 2278 515 2327 congrenau
527 2273 635 2328 repento
671 2263 716 2311 tite
730 2262 909 2327 prodiderunt·
943 2263 1043 2314 Plinim
1060 2264 1126 2315 libro
1142 2280 1201 2331 aep-

108 2349 161 2383 uuu
172 2336 459 2403 extitit„eonoretiuque
471 2339 634 2402 genitalibus,
671 2336 751 2384 timo:
764 2338 928 2401 ‘Gignuntur
937 2346 965 2388 et
973 2340 1202 2404 ammoneretur,

108 2424 164 2474 quar
174 2412 314 2476 latuerant,
322 2414 414 2476 virilia,
425 2414 556 2478 patefacto
562 2415 634 2465 aditu
670 2425 734 2474 quot
746 2411 980 2477 Hermaphroditus
993 2430 1122 2477 vocamur,
1140 2418 1202 2466 olim

107 2494 291 2549 apparuerunt.
331 2488 409 2538 Plinii
428 2489 538 2554 denique
556 2492 635 2540 verba
672 2484 842 2550 Androtyntit
861 2495 975 2550 vocator,
992 2498 1019 2540 et
1038 2490 1065 2538 in
1076 2491 1203 2554 prodigii·

107 2560 173 2611 libro
191 2576 244 2612 vu.
264 2562 320 2613 lunc
342 2571 415 2614 nuru:
441 2565 501 2613 ‘Ex
523 2563 635 2615 soemlnl.
671 2562 782 2624 habitor,
799 2577 866 2612 nnnc
878 2578 939 2612 vero
959 2565 985 2613 in
1005 2564 1129 2616 deiieiiar’
1145 2567 1203 2616 iraee

107 2640 201 2687 mutari
210 2638 237 2687 in
247 2654 340 2702 marae,
358 2654 408 2703 uon
426 2648 466 2689 eet
481 2638 634 2690 tubulorum.
672 2635 725 2684 ilie·
759 2638 886 2687 Antoniou
897 2645 983 2689 autent
995 2642 1111 2703 appellnt
1128 2641 1203 2691 ‘dn-

108 2710 253 2762 lnnenlmm
276 2714 302 2763 ln
325 2714 466 2763 Annalibus
484 2714 517 2764 P.
535 2715 634 2766 Licinio
673 2712 833 2775 drogyuum,’
843 2729 918 2777 qnetu
932 2714 1031 2764 Plinium
1041 2731 1056 2765 e
1068 2715 1164 2767 femina
1174 2718 1201 2768 in

107 2786 207 2838 Cranen
226 2788 256 2837 c.
270 2789 342 2839 cni.
359 2789 559 2852 Longinucom.
572 2790 635 2840 em·
672 2801 769 2836 marem
790 2797 917 2837 mutatum
943 2789 1036 2841 vidiaae
1058 2807 1085 2842 re
1110 2792 1200 2845 refert.

107 2863 163 2911 rimi
182 2879 290 2927 puerum
307 2864 407 2914 facturn
424 2879 457 2913 ea
477 2865 633 2928 virginemn
671 2863 713 2910 De
740 2863 903 2927 Androgynia
924 2872 951 2914 et
973 2865 1200 2932 Hermaphroditlt

105 2938 264 3003 parentibus,
279 2942 402 3005 juuuqoe
422 2940 566 3003 aruspicum
587 2939 632 2989 de·
669 2937 783 2986 muitain
794 2939 928 3001 symporio
939 2940 1065 3005 Platonir,
1085 2952 1112 2994 et
1128 2945 1200 3009 apud

104 3016 539 3076 portatnminiuaulamdeoertnm.
566 3017 632 3067 Liol·
670 3015 777 3067 caelium
792 3017 974 3077 Rhodiginum.
995 3021 1101 3071 Vinetua.

106 3088 164 3135 nina
183 3087 316 3137 Mutianoa
335 3089 456 3153 prodidit,
476 3091 557 3139 risum
574 3107 589 3141 a
604 3106 632 3142 aa
702 3097 732 3142 tt
745 3091 1201 3159 Unuepielmmoirgorapeutesuit]

107 3162 185 3224 Argia
208 3162 381 3225 Ammontem,
407 3164 449 3213 cui
465 3179 557 3215 nomen
569 3165 633 3216 Ara·
670 3168 815 3231 'Appiflonor
825 3167 884 3226 boo,
897 3172 982 3214 utrum
994 3167 1095 3216 aoiiieet
1105 3183 1160 3217 mna
1171 3169 1199 3218 in

106 3250 184 3292 atuaae
206 3241 309 3303 inuret,
323 3240 440 3306 nupaiaae
464 3243 552 3299 etiarn,
574 3256 633 3292 moa
670 3240 1199 3300 feminammuratuarit‚ancontrafemina

107 3317 211 3366 barbam
223 3323 251 3367 et
261 3317 409 3367 virilitatem
421 3318 577 3381 provenisse,
587 3333 632 3368 ux·
671 3320 696 3368 in
706 3333 812 3379 marem,
824 3330 968 3382 quanquam
980 3317 1047 3365 rolaa
1057 3317 1094 3366 nio
1103 3317 1199 3369 mutari

107 3393 346 3458 oremquoduxiaae.
379 3392 501 3457 Ejusdem
513 3394 588 3443 rortia
604 3400 633 3444 et
670 3393 778 3444 seminar
789 3393 872 3441 audio.
890 3391 957 3441 Nam
967 3390 1199 3447 delireaialabula

105 3470 220 3532 Smyrnae
241 3484 348 3534 puerum
368 3482 427 3518 aaa
444 3469 536 3519 tinum.
568 3469 632 3534 ipre
670 3475 726 3529 ert;
750 3482 825 3532 quam
838 3463 920 3514 refert
932 3463 1043 3519 Ovidiur
1055 3479 1099 3518 ru.
1111 3468 1197 3519 Meta·

106 3541 631 3608 inAfrieavidinutatunrinniaremnup-
670 3543 849 3607 morphoseon.
882 3540 1017 3590 Genitoleo
1031 3541 1199 3604 enimpartei

107 3619 198 3668 tiorum
219 3619 271 3683 die,
289 3620 318 3669 L.
332 3620 474 3670 Coaaieinm
485 3621 567 3670 oivem
578 3621 632 3670 Tin·
670 3620 768 3672 endem
781 3617 882 3681 quidem
892 3622 953 3667 aunt
963 3615 989 3664 in
999 3622 1107 3681 utroque
1123 3632 1198 3682 aean,

107 3694 252 3745 dritannur!
273 3694 470 3745 Admonendnm
482 3700 535 3745 tarn
546 3701 574 3744 et
584 3696 632 3745 hoo
670 3702 698 3743 ut
708 3693 799 3744 scribit
807 3693 886 3742 etiam
895 3690 1198 3744 Gelenualibrooecundo

106 3777 283 3834 veruntamen,
304 3786 380 3837 quam
408 3771 494 3833 priora
521 3785 632 3836 qnoque,
670 3770 703 3819 de
724 3769 837 3830 semine,
853 3775 881 3817 et
899 3767 1090 3833 quartodecimo
1106 3767 1198 3818 deuna

105 3847 186 3896 virum
197 3857 247 3911 eat,
256 3847 326 3912 apud
340 3847 372 3897 Α.
384 3847 498 3897 Gellium
515 3847 564 3898 ι(3.
576 3846 632 3896 Ari·
670 3845 791 3908 partiunt,
807 3844 833 3892 io
851 3843 907 3893 viro
926 3840 989 3892 foria
1008 3842 1057 3891 illae
1067 3849 1198 3902 extnutet,

106 3923 156 3972 nii’
184 3938 235 3973 nou
261 3921 406 3984 ‘emunt’
432 3920 632 3972 ‘Areoeonten'
668 3918 1198 3982 inseminaintualutentea:aedopatiuur

106 4012 156 4047 uon
178 3997 372 4055 ‘Aristonicum’
393 3997 563 4062 ‘Arearum'
580 4012 631 4047 non
668 3997 694 4045 in
717 3995 785 4045 uirili
807 4009 914 4056 corpore
932 4009 984 4044 non
1005 4003 1056 4056 eat,
1075 3995 1100 4043 in
1118 3993 1197 4058 quod,

107 4072 276 4135 ‘Areatuaass
303 4072 381 4123 Plinii
408 4072 524 4136 ejusdem
552 4071 632 4122 rerba
668 4087 726 4136 quai
744 4069 806 4119 sorio
825 4068 1197 4132 eranl,eeoonderequeant:

105 4148 272 4210 referentem,
282 4148 407 4212 roriptum
418 4162 475 4197 ease
490 4145 557 4197 libro
568 4160 629 4198 ruit.
669 4146 696 4195 in
718 4144 828 4194 femineo
850 4159 907 4207 qum
928 4142 1054 4205 latebant,
1081 4144 1102 4192 ei
1129 4142 1196 4197 sorte

105 4223 229 4273 noctium.
260 4224 319 4275 Quo
335 4230 453 4288 appetet,
467 4222 493 4271 in
505 4223 631 4272 alterutro
668 4220 737 4270 sorno
754 4233 889 4282 erumpere
908 4217 982 4281 libet,
997 4216 1100 4267 abunde
1120 4217 1199 4280 spatii

105 4298 227 4347 mendum
239 4312 294 4348 erae
305 4307 435 4362 oportere.
468 4298 632 4351 Quinetiila
669 4297 765 4357 eat,in
787 4295 854 4360 quod
878 4294 1014 4359 prodeant.
1047 4296 1090 4344 Fit
1110 4303 1196 4344 autem

105 4387 208 4439 qnoque
220 4373 288 4437 opud
298 4373 407 4424 eundem
424 4373 537 4423 Gellium
554 4373 632 4422 verba
667 4369 1197 4434 iuecmuliebriumpnrtiuminrerrio,quo

104 4458 172 4513 mut,
183 4464 242 4515 qum
255 4450 332 4500 dictio
343 4450 376 4500 de
391 4451 505 4501 Coraieio
523 4449 631 4500 rubueri-
670 4457 786 4510 tempore
803 4448 858 4510 jum
882 4446 992 4510 primurn
1012 4448 1068 4496 viro
1088 4454 1196 4500 mature

106 4526 216 4576 buntur:
234 4524 416 4591 ‘Vivebatque
425 4542 484 4578 eum
496 4527 632 4591 proderem
669 4529 737 4586 aunt,
755 4530 782 4571 et
793 4537 850 4571 cum
861 4527 995 4586 appetunt.
1015 4522 1121 4573 Vinctum

105 4601 177 4651 iimo!
201 4605 267 4654 Ouia
287 4602 460 4653 mediusfidius
472 4604 498 4652 in
507 4601 632 4651 Pliniauia
704 4600 771 4650 Unus
781 4598 927 4663 opitiorum]
937 4600 1064 4664 Exempla
1074 4600 1157 4664 plura,
1168 4605 1197 4647 et

105 4677 164 4728 uliia
180 4677 309 4731 codicione
319 4691 481 4746 naquaquam
491 4677 562 4729 lecta
572 4686 633 4728 runt
670 4679 802 4745 tutionem,
814 4677 900 4745 quaid
919 4678 977 4730 ilari
998 4679 1088 4744 poerit,
1102 4690 1194 4740 ioppe·
