2850 5256
1085 414 1088 425 Ι

159 737 225 806 598
595 790 597 795 .
626 746 780 801 susorur

161 895 212 960 Sit
228 895 371 958 solidum
386 893 605 978 quodcunque
621 894 757 957 subest:
780 911 841 955 uoc
857 890 972 955 inania
985 892 1106 956 subtus

162 995 294 1060 ludicet
308 997 461 1060 admotus
476 993 589 1075 digitis
604 993 803 1075 pellentibus
818 993 915 1055 ictus.

163 1095 197 1160 N
199 1116 242 1160 on
257 1099 348 1180 prius
362 1099 396 1162 iu
412 1097 541 1161 dulcem
555 1094 700 1160 declinat
713 1094 837 1159 lumino
851 1111 1014 1170 somnum,

162 1197 285 1262 Omnia
299 1218 399 1280 quoru
413 1197 503 1280 longi
518 1196 719 1280 reputaverit
734 1202 811 1259 acte
825 1194 901 1257 diei.
1211 1193 1253 1256 15

165 1298 252 1377 Quae
267 1300 545 1383 praetergressusl
570 1298 652 1380 quid
667 1305 795 1381 gestum
811 1298 845 1360 in
860 1296 1030 1378 tempore'l
1046 1293 1128 1378 qnid
1142 1296 1234 1359 uou'l

165 1400 232 1464 Cur
245 1401 300 1464 isti
314 1401 406 1465 lucto
422 1399 524 1464 decus
540 1398 666 1477 obfuit3
688 1403 745 1462 eut
760 1399 844 1462 ratio
859 1398 933 1461 illit

167 1500 257 1579 Quid
272 1502 351 1566 mihi
368 1500 591 1585 praeterituml
614 1519 672 1563 cur
684 1500 758 1564 haec
773 1500 938 1563 sententia
952 1498 1059 1562 sediti

165 1600 278 1680 Quam
291 1601 409 1666 melius
423 1608 550 1666 mutere
564 1600 648 1665 fuist
671 1601 845 1665 miseratus
860 1606 1019 1681 egentem,

166 1702 236 1767 Cur
249 1703 393 1785 aliquem
407 1703 515 1767 fracto
529 1705 681 1786 persensi
696 1708 803 1767 moute
819 1703 989 1767 dolorom‘l
1215 1699 1258 1765 2⁰

167 1886 283 1934 solidum:
298 1900 372 1949 seque
381 1886 443 1936 ictus
453 1887 568 1950 impactus
577 1887 663 1948 digitis
671 1885 832 1950 prementibus
842 1887 948 1935 ostendet
957 1886 1047 1935 subrue
1054 1886 1145 1948 aliquid
1153 1900 1259 1936 muru.

168 1950 226 1998 Nor
236 1955 291 1998 oute
301 1950 389 1999 oloudit
400 1952 476 2000 oculos
485 1952 511 2000 in
522 1966 614 2000 suarem
632 1966 744 2014 soporem,
761 1967 830 2013 quum
848 1952 1013 2012 recogitaverit
1032 1957 1116 1999 ouuotu
1133 1966 1185 2013 quse
1197 1950 1259 2008 serit

166 2028 211 2075 per
218 2014 316 2062 solidum
329 2015 401 2064 diem.
435 2016 490 2071 Quo
500 2016 526 2065 is
537 2031 563 2064 re
575 2013 690 2079 peccori?
706 2016 792 2078 iuquit.
819 2016 884 2071 Quid
895 2032 909 2063 o
920 2030 956 2063 me
965 2014 1059 2072 foetum
1069 2020 1104 2064 est
1114 2010 1260 2077 opportune?

169 2079 227 2139 quid
236 2094 281 2127 nou
287 2076 401 2137 factumi
418 2080 498 2135 Quure
508 2080 572 2128 istud
587 2085 681 2141 gestum
692 2086 727 2128 est
739 2079 840 2142 turpiter
848 2095 858 2136 ,·
873 2086 915 2128 out
930 2079 989 2127 iliud
999 2078 1092 2129 stulte?
1114 2078 1181 2134 Quis
1198 2094 1214 2127 o
1223 2090 1261 2127 oss

168 2140 417 2204 pretermissum?
446 2144 525 2198 Quare
542 2145 664 2193 consitium
675 2145 801 2208 locfisum
812 2145 890 2193 auimo
902 2142 1018 2202 meosuit,
1027 2145 1087 2205 quod
1098 2149 1176 2192 tom
1186 2143 1261 2191 usu

170 2212 222 2256 erut
243 2203 355 2256 mutare?
383 2207 534 2270 Quore‚cum
550 2209 674 2258 misererer
693 2208 780 2272 inopis,
793 2209 855 2258 sessi
871 2208 972 2271 aliquem
991 2209 1093 2257 dotorem
1109 2207 1175 2256 nolli
1189 2206 1261 2257 sido

628 2335 809 2354 ΜΜΙΜΙΙ

171 2395 271 2447 codice.
303 2399 380 2461 vulg.
392 2404 606 2462 eruperunt-12
624 2401 664 2449 Ex
683 2401 765 2449 veteri
783 2399 848 2449 libro
865 2399 962 2449 Tollius
979 2399 1096 2463 corrigit,
1111 2398 1264 2451 αὕη-14

170 2461 202 2511 Iu
214 2463 320 2527 antiquo
332 2463 407 2523 libro,
418 2463 608 2514 decliuem—lu
623 2464 704 2527 ‘Quo,
717 2466 778 2528 Quo,
790 2472 817 2514 et
829 2465 889 2519 Quoe
900 2465 941 2513 bic
958 2464 1055 2514 bubeut
1068 2473 1159 2514 nostro
1176 2478 1261 2515 uern-

171 2527 264 2590 pluris,
273 2541 321 2591 pro
330 2529 424 2578 Graeco
433 2527 484 2587 roi!
504 2529 582 2580 Viset-

664 2639 772 2690 NOTAE

207 2738 236 2782 12
250 2735 300 2783 Nee
308 2734 390 2784 iussio
399 2734 480 2784 subtus
491 2736 581 2784 iudicet
592 2735 699 2785 mmotus
738 2737 775 2785 cis
786 2738 936 2787 occurram.
952 2736 1010 2785 Hoc
1018 2736 1120 2801 quidum
1129 2749 1181 2785 uon
1191 2735 1267 2787 belle.

173 2808 269 2869 siguo,
279 2808 333 2871 tro]
351 2810 387 2858 Ut
397 2809 453 2861 lieri
465 2813 541 2872 solet,
549 2825 608 2859 oum
616 2810 698 2861 dolio·
740 2812 868 2875 Numquid
880 2827 927 2874 ogo
939 2812 976 2860 illi
994 2810 1147 2874 Imprudens
1158 2810 1219 2860 olim
1230 2808 1267 2859 fu·

174 2900 231 2934 rum
243 2887 376 2948 plenitudo
387 2889 545 2950 exploratur.
740 2888 806 2935 cium
819 2889 918 2935 sirnile?
937 2887 1005 2936 Huc
1017 2902 1067 2949 ego
1078 2901 1178 2936 nuscum
1190 2887 1268 2936 Con·

208 2965 239 3010 lt
256 2962 313 3011 Nou
329 2963 398 3025 prius
414 2964 439 3012 iu
454 2965 553 3025 dulcem,
563 2963 616 3028 tro]
634 2964 700 3016 Huc
741 2965 836 3028 pressis
847 2965 917 3026 agito
928 2963 1083 3024 lubris,'&c.

175 3050 207 3085 ex
219 3038 303 3087 eureis
314 3038 468 3088 carminibus
482 3039 700 3104 Pythagoreorum
773 3044 805 3088 16
818 3040 877 3095 Quo
888 3039 1078 3102 pretergressus]
1094 3038 1182 3104 Mogis
1193 3053 1269 3089 occo·

175 3122 377 3176 expresserunt,
393 3131 449 3180 quse
461 3116 499 3165 sio
511 3117 624 3167 babent:
643 3118 702 3178 ulid
742 3115 786 3165 det
806 3115 838 3164 sd
858 3115 978 3165 Graecum
997 3117 1165 3180 archetypum
1184 3117 1228 3179 ni,
1246 3116 1270 3164 oi

175 3188 247 3237 druos
264 3193 403 3250 μσλωωῖσιν
417 3191 453 3239 ἐπ’
469 3193 555 3253 ὄμμασι
564 3194 701 3258 προσδέειισ-
743 3193 814 3254 logos
826 3208 880 3254 quo,
897 3206 972 3254 quom
983 3206 1042 3254 quae.

177 3270 224 3327 tim,
241 3265 299 3329 Πρὶν
314 3269 360 3315 σᾶν
373 3267 703 3332 ἡμερινῦνέργωντρὶςέκσσ-
775 3268 790 3295 ·
807 3269 867 3322 Quo
876 3266 1129 3335 pretergressps,tro.]
1155 3268 1270 3331 Expres-

178 3358 221 3390 τον
231 3341 345 3391 ἐπελθεῖν.
379 3341 541 3407 Πῇπαρόβηνς
556 3344 703 3408 stupeum
744 3357 798 3391 sum
816 3341 879 3390 illud
899 3356 914 3390 e
935 3342 1038 3391 Ludrtio
1055 3343 1080 3391 iu
1099 3342 1153 3392 ritu
1170 3342 1270 3407 Pytho-

177 3418 202 3466 τί
220 3437 258 3477 μοι
275 3418 327 3467 δέον
343 3419 385 3468 oiur
396 3418 521 3482 ἐτελέσθης
540 3420 675 3485 Ἀρξάμενοι
685 3424 706 3472 δ’
745 3432 831 3479 goroe:
850 3419 888 3482 llpi
902 3414 1021 3480 παρίβηνς
1037 3418 1061 3466 rl
1071 3418 1091 3467 δ’
1102 3416 1182 3482 ἔρεξας
1198 3417 1273 3479 elpes

177 3493 433 3558 ισὸσρώωυ,ὲπέειθι·
450 3495 705 3556 superstruemus
744 3492 797 3543 δίον
816 3493 858 3544 οὐκ
880 3492 1009 3555 hebdom
1035 3494 1108 3543 ldem
1137 3493 1272 3544 consillum

178 3567 222 3626 plo
239 3570 359 3633 turpiter,
378 3570 533 3629 ἐπιπλήσσω·
553 3574 652 3637 Χρηστὰ
670 3573 704 3635 ll,
744 3569 1169 3632 opudCiceronuminSeuectute:
1181 3570 1273 3622 ‘osio

179 3645 271 3706 τέρπου.
303 3647 334 3695 Id
347 3656 403 3696 est:
420 3649 428 3674 ⁴
440 3649 533 3712 Neque
540 3663 656 3699 somnum
668 3658 705 3698 se.
746 3657 848 3708 quoque
858 3643 899 3691 dio
910 3645 1016 3703 dixeris,
1029 3644 1168 3708 erudireris,
1178 3646 1276 3710 egeris,

179 3720 293 3768 norisio
313 3722 394 3771 oculis
415 3723 504 3786 accipe
526 3724 612 3785 Prius,
630 3740 705 3788 quom
746 3733 854 3782 vespero
862 3720 1130 3769 commemorandum!
1152 3720 1213 3771 Hoc
1221 3719 1275 3772 isc·

180 3794 327 3843 diurnorum
341 3793 468 3845 foetorum
488 3804 529 3847 ter
548 3799 706 3863 unumquod·
746 3795 841 3846 titubet
852 3797 883 3846 P.
892 3797 1007 3859 Sextius,
1022 3799 1075 3862 qui,
1091 3804 1161 3848 teste
1172 3798 1276 3850 Seneca

179 3885 229 3936 que
237 3872 487 3923 commemoraveris.
498 3875 707 3924 erosumtruns·
747 3873 792 3923 lib.
803 3887 847 3923 ιιι.
859 3888 916 3936 cup.
926 3878 967 3924 37.
983 3874 1016 3923 de
1026 3874 1078 3936 lrs,
1096 3885 1276 3927 cousummuto

182 3947 302 4008 gressus?
319 3946 389 3998 Quid
400 3945 469 3997 feci?
485 3948 545 4013 qnid
558 3949 628 4010 milri,
639 3948 708 4012 quod
747 3949 801 4010 die,
809 3965 867 3999 cum
875 3949 941 3999 sesd
952 3958 1103 3999 nocturnum
1112 3952 1226 4014 quietem
1236 3966 1276 4001 rs·

181 4022 297 4085 oportuit
314 4036 364 4071 non
383 4021 481 4073 fucttrm
499 4026 554 4073 est?
571 4025 654 4074 Orsus
665 4040 708 4075 ou·
748 4027 871 4088 cepisset,
882 4026 1058 4087 interrogabat
1070 4028 1182 4077 oninium
1193 4043 1277 4092 suum,

182 4105 235 4148 tom
247 4116 262 4148 u
274 4100 357 4163 primo
368 4102 462 4152 recole.
490 4104 524 4152 Et
536 4110 628 4166 postes
639 4103 709 4151 Molo
748 4101 842 4152 ‘Quod
862 4100 937 4151 hodie
958 4103 1051 4152 mulum
1073 4110 1143 4152 tirum
1162 4105 1279 4154 esumtii

183 4174 286 4237 quidem
301 4175 322 4222 oi
342 4175 444 4239 seceris,
461 4178 535 4226 dolo:
554 4180 621 4227 bonu
638 4192 707 4239 vero,
749 4178 797 4226 Cui
807 4176 1090 4230 ritioobstitistiitluu
1100 4179 1278 4241 purtemslior

183 4249 285 4313 gundo!
307 4251 390 4302 diruto
400 4267 497 4301 moreni
508 4254 575 4303 bunc
587 4253 709 4304 llorutius
750 4268 778 4302 es
787 4252 806 4301 i’
823 4252 895 4303 idem
913 4255 1046 4316 uuupsoit
1057 4268 1161 4317 semper
1172 4255 1198 4303 iu
1209 4256 1276 4316 suls,

184 4325 231 4373 lib.
251 4339 271 4376 r.
292 4327 347 4375 Sat.
365 4331 389 4377 t.
413 4330 529 4393 ‘Neque
552 4330 629 4388 euim,
651 4345 709 4380 cum
750 4331 775 4378 in
788 4331 916 4394 conjugio,
926 4331 952 4378 in
964 4330 1050 4379 studio
1061 4337 1107 4379 unt
1117 4331 1223 4393 negotio
1233 4331 1278 4380 Se·

184 4399 305 4461 lectulus,
327 4411 373 4450 sut
395 4416 437 4451 me
459 4403 578 4454 Porticus
598 4405 711 4469 excepit,
750 4418 826 4465 neon,
843 4412 872 4453 ut
884 4405 916 4453 de
928 4419 956 4453 sc
969 4404 1025 4468 ipse
1036 4405 1119 4455 refert
1130 4405 1235 4456 ibidem.

186 4473 275 4521 desum
293 4476 370 4525 mibi:
389 4478 495 4527 Rectius
513 4480 562 4527 boc
578 4487 635 4540 est;
653 4480 711 4529 Hoc
785 4481 800 4509 ⁶
810 4485 841 4529 ro
853 4482 983 4530 Miseratus
991 4488 1104 4543 egentem,
1116 4485 1166 4532 Cur
1176 4484 1279 4546 aliquem

186 4547 283 4599 focinus
296 4551 378 4600 rivom
388 4553 495 4601 melius:
512 4553 714 4605 siodnlcissmi·
746 4558 830 4614 fructu
852 4558 956 4620 perornet
977 4563 1053 4607 mesto
1073 4558 1187 4621 dolorem]
1212 4558 1278 4607 ldaec
