2850 5256
249 738 312 802 940
593 747 700 797 ruore
724 743 924 795 vratonuu
948 743 989 794 tu

250 900 278 941 et
289 893 373 941 iseros
384 889 443 939 iude
454 888 541 939 dictus
552 889 624 939 Deus
641 896 692 951 est,
702 894 771 938 teste
807 891 849 934 est
864 884 974 934 hominis
985 885 1099 934 eversio:
1117 882 1156 934 sic
1172 886 1270 938 nolitis
1281 889 1331 952 spi-

249 967 390 1018 Aristotelo
407 966 454 1015 lib.
475 980 514 1016 vr.
533 966 567 1014 dc
587 966 704 1015 Mundo=
727 964 772 1023 τὴν
807 963 889 1012 ritulis
910 977 925 1011 a
942 956 1082 1027 primordio
1102 964 1241 1026 auspicata
1256 972 1295 1015 est
1307 967 1332 1014 io

247 1041 295 1102 pir
309 1039 428 1102 ὰνοτότώ,
445 1040 485 1089 eol
502 1039 595 1104 πρώτην
613 1037 681 1105 ttpn
701 1038 771 1088 cirris
807 1038 1052 1090 hominisexitiuru!
1087 1039 1123 1090 1).
1144 1040 1290 1104 cyprianus
1303 1041 1334 1091 de

183 1128 186 1135 “
237 1115 346 1177 ’ἔλαχεν
374 1117 462 1165 ὕπατος
482 1115 519 1164 ut
542 1116 613 1164 τοῦτο
633 1115 771 1176 Maceror,
808 1115 1006 1166 licinuvanit.
1021 1115 1152 1180 ‘Spiritus
1168 1117 1292 1169 insinceri
1310 1128 1336 1168 et

249 1192 297 1251 sol,
308 1191 368 1240 acsi
383 1190 427 1239 eir
440 1192 548 1252 ποιητὴν,
558 1190 674 1257 ἀκροτάτῃ
686 1192 776 1256 rupturi
807 1192 875 1255 rugi,
885 1190 929 1256 qui
946 1200 1116 1256 posteaquam
1137 1191 1246 1241 terrenis
1269 1192 1336 1242 uitiis

247 1270 291 1317 τοῦ
312 1266 446 1336 &umor
464 1267 651 1332 uxorum,
671 1268 773 1330 οὐραγοῦ.
808 1267 920 1317 immersi
931 1273 999 1330 sunt,
1009 1275 1038 1317 et
1049 1282 1064 1317 a
1076 1268 1166 1332 vigore
1177 1269 1336 1319 celestltor·

250 1345 387 1408 Orpheus:
405 1344 479 1394 utros
498 1342 560 1393 dui
576 1344 653 1407 μέγαν
663 1344 727 1396 udrn
737 1347 773 1395 ἐτ’
809 1357 872 1391 reno
893 1345 1012 1405 contagio
1031 1351 1206 1406 recesserunt,
1224 1357 1274 1394 uon
1292 1345 1336 1394 de·

250 1419 345 1484 οὐρανὸν
362 1419 504 1484 ἐστήρικται,
524 1418 620 1483 Χρυσέῃ
636 1420 677 1470 elul
693 1421 771 1485 θρόνῳ·
809 1419 897 1468 sinunt
914 1417 1011 1482 perditi
1027 1419 1147 1482 perdere,
1164 1426 1193 1468 et
1204 1418 1336 1484 deprarsti

249 1495 305 1556 polu
323 1497 344 1544 δ’
363 1494 407 1543 iri
423 1494 495 1544 rocol
510 1494 606 1554 βέβηκε.
638 1497 681 1547 lta
691 1499 773 1548 Theo·
809 1494 1238 1559 crroreutpravitatisinl'nudere.'
1264 1496 1336 1546 Iden

248 1571 355 1621 doretus
370 1571 561 1636 ulteriusque
577 1578 662 1622 tamen
680 1574 774 1638 turbis,
809 1571 970 1635 postptullo:
987 1570 1071 1619 ‘llaec
1082 1576 1124 1620 est
1139 1571 1173 1620 de
1193 1571 1244 1620 illis
1253 1566 1336 1622 mede·

241 1660 300 1695 ,non
318 1652 404 1694 sutem
425 1660 501 1694 sensu
520 1646 636 1695 diversus
655 1648 773 1698 lustinus
809 1647 911 1708 lucum
927 1647 1041 1709 ipsorum
1058 1653 1146 1696 cessst
1162 1646 1273 1710 injuria:
1289 1661 1336 1697 aec

240 1721 567 1785 -Msrtyrlncooonsosd
578 1721 694 1773 Grecos.
810 1721 879 1770 eliud
897 1722 937 1771 his
954 1723 1067 1771 studium
1086 1731 1139 1784 est,
1156 1735 1232 1787 quan
1250 1724 1335 1774 aDeo

282 1802 314 1848 tu
326 1796 425 1859 Gentes]
441 1798 503 1860 Eos,
521 1798 564 1862 qui
581 1811 613 1847 ex
624 1798 774 1849 Judaeorum
810 1797 924 1846 homines
946 1812 1064 1860 semare,
1081 1805 1110 1847 et
1128 1797 1160 1848 ad
1178 1799 1335 1862 superstitio·

250 1878 498 1936 genereucnerant.
531 1872 649 1936 Epistola
657 1874 732 1924 Pauli
741 1876 774 1924 sd
809 1873 1192 1925 uenisuisbiutellectuvene
1203 1875 1334 1939 religionis

250 1951 387 2003 Romanus.
406 1952 513 2001 Visetur.
811 1956 943 1998 evertere:
961 1956 988 1999 et
1007 1963 1066 1998 curn
1081 1949 1135 1998 sint
1151 1950 1198 2015 ipsi
1211 1952 1335 2015 penales,

283 2026 561 2091 testimomonium]
580 2027 774 2093 Allusioutles,
810 2040 927 2090 querere
954 2027 1004 2076 sibi
1030 2028 1063 2076 ad
1088 2043 1192 2092 poeusro
1221 2030 1338 2092 comites,

250 2114 307 2166 qua
327 2103 353 2151 in
375 2103 419 2152 illa
439 2110 585 2153 tractantur
603 2105 720 2167 Epistola
741 2105 774 2155 de
810 2116 874 2165 quos
886 2100 918 2149 ad
930 2103 1026 2152 crimen
1037 2102 1240 2154 sunml'eeernnt
1251 2118 1336 2155 errore

250 2178 326 2240 oliva,
335 2180 453 2241 oleastro,
463 2179 592 2229 insitione.
609 2179 683 2230 Idem.
810 2177 970 2241 participes?

282 2253 373 2316 Stirpis
398 2254 526 2318 adoption]
560 2255 716 2305 Prudentius
747 2257 774 2306 in
842 2258 874 2303 ll
892 2254 922 2304 Si
938 2254 1027 2318 lapides
1041 2256 1155 2316 rosim
1171 2255 1248 2318 Deos]
1263 2256 1337 2306 Anti·

176 2389 179 2403 ¹
249 2326 392 2391 Apotheosi
421 2345 457 2381 rs.
479 2335 536 2380 088.
563 2333 622 2380 adv.
644 2332 773 2383 Judaeos:
810 2342 919 2393 quorum
936 2330 1004 2379 idola
1023 2330 1170 2395 significare
1185 2331 1289 2381 ridetur
1304 2330 1337 2380 sd

249 2405 258 2430 ⁴
267 2404 327 2453 ileu
338 2404 459 2455 frondosa
475 2407 547 2470 prius
562 2409 639 2457 ramis
655 2391 774 2459 felicibus
810 2413 997 2469 contemptum,
1010 2414 1039 2455 ut
1050 2413 1128 2469 ster,
1143 2415 1171 2456 et
1180 2406 1268 2456 duales
1283 2414 1336 2455 ter·
1369 2430 1373 2439 ·

249 2480 338 2530 arbor!
351 2482 493 2545 pinguibus
502 2483 551 2532 lien
562 2485 689 2547 quondam
701 2485 774 2535 radix
809 2483 935 2531 minorum
958 2482 1095 2546 ‘lapides'
1123 2483 1226 2534 Lucra.
1258 2488 1337 2532 rocst

250 2559 369 2622 oleagina
389 2557 492 2608 baccis!
517 2560 587 2608 Ecce
609 2560 655 2610 tibi
676 2561 774 2611 inserto
812 2558 856 2608 lib.
867 2572 894 2607 r.
909 2560 917 2586 ‘
931 2558 988 2608 Nec
1006 2560 1089 2622 pistas
1101 2559 1337 2621 nllses't,relatuur

249 2633 384 2684 revirescit
398 2648 466 2683 nunc
481 2635 594 2684 oleastro
604 2637 731 2701 Truncus,
746 2645 775 2687 et
812 2647 883 2696 sape
894 2634 977 2682 uideri
987 2634 1095 2684 vertier
1113 2634 1147 2684 ad
1163 2634 1286 2699 lapidem,
1300 2642 1337 2684 at·

250 2711 351 2759 externi
362 2712 470 2759 vestitur
481 2713 579 2761 cortice
589 2711 667 2774 libri,'
678 2717 726 2764 &c
811 2723 862 2773 que
878 2723 965 2758 ornnes
985 2709 1112 2759 accedere
1133 2710 1167 2759 ad
1189 2711 1266 2759 aras!
1296 2710 1337 2759 Sic

281 2791 313 2834 20
332 2788 432 2835 Cernere
443 2803 509 2848 quem
520 2789 598 2851 licuit]
608 2789 735 2838 Prudent.
748 2791 774 2838 iu
812 2786 819 2810 ‘
829 2784 943 2844 stipitem
954 2785 1081 2847 lignenm'
1093 2785 1188 2835 idolum
1198 2788 1264 2836 dixit
1274 2787 1338 2836 Pru·

250 2860 342 2920 Agoue
361 2863 484 2908 Romani:
502 2864 572 2911 ‘Hic
592 2879 620 2912 se
638 2865 774 2914 videndum
813 2859 916 2908 ‘lentius
928 2862 1018 2923 hymno
1031 2874 1059 2909 1.
1073 2861 1198 2910 struebat·

251 2936 538 2993 prestititmortatibus.
561 2939 672 2987 Mortale
681 2955 774 3002 corpus
845 2936 874 2983 Si
883 2937 972 2998 lapidet
981 2950 1023 2983 ’¹⁰¹⁸
1030 2935 1087 2994 ,im
1103 2934 1179 2996 Dm]
1201 2935 1233 2983 id
1244 2943 1296 2995 2⁸1,
1313 2937 1337 2983 ti

248 3008 339 3055 sumsit
355 3008 542 3070 immortaliter,
565 3012 602 3061 Ut
620 3012 679 3061 dum
698 3016 773 3064 cndu·
813 3010 1339 3074 lapideasimulacranonproDiislrabeo,

249 3096 306 3130 cum
327 3091 417 3146 portat
435 3091 546 3134 aeternus
558 3088 640 3146 Deus,
654 3090 773 3141 Transire
812 3088 853 3135 vel
865 3086 930 3137 0010.
965 3085 1176 3134 Ἐοῐῐο0οἱ0οῑἱο00
1187 3088 1219 3133 td
1230 3085 1337 3136 ‘lovem

248 3167 364 3209 nostrum
374 3161 455 3223 possit
464 3162 496 3210 ud
508 3163 623 3212 celestia
632 3164 648 3213 ι’
659 3172 686 3215 et
696 3169 773 3230 paulo
812 3161 939 3224 lapidtm’
962 3162 1084 3224 respexit.
1120 3161 1246 3213 ‘Jorern'
1271 3163 1336 3211 enim

248 3243 324 3300 pout:
342 3236 429 3287 ‘Hinc
440 3251 488 3288 nos
499 3247 526 3288 et
535 3241 618 3302 ipsum
630 3256 681 3291 non
689 3245 773 3306 perire
811 3237 819 3263 ⁴
829 3236 940 3299 lapidem
946 3236 1050 3300 jurare’
1068 3238 1257 3286 sanctissimum
1277 3238 1336 3285 olim

248 3313 376 3362 credimus
389 3313 498 3376 Corpus,
516 3316 634 3379 sepulcro
650 3320 717 3381 qnod
730 3334 773 3367 vo.
807 3311 988 3374 jusjurandum
999 3310 1079 3361 irrisae
1095 3311 1218 3373 hobitum,
1229 3319 1337 3361 testatur

248 3387 355 3435 rendum
367 3387 487 3436 traditur.
510 3390 702 3441 QuiaClrristus
712 3394 737 3443 in
745 3408 772 3443 se
812 3389 952 3437 Favorinus
965 3388 1033 3451 apud
1043 3387 1074 3437 Α.
1086 3387 1183 3437 Gelli.
1195 3401 1214 3436 r.
1226 3400 1335 3437 cxxxi.

246 3469 373 3509 mortuum
391 3475 483 3525 corpus
503 3466 574 3514 cruci
591 3466 682 3515 Secum
705 3470 773 3518 exci-
810 3466 891 3514 Simili
903 3468 936 3514 ad
948 3467 1019 3515 illum
1030 3467 1155 3514 allusione
1166 3465 1201 3512 D.
1214 3463 1336 3527 Augusti·

247 3541 330 3584 tatum
342 3537 413 3585 vexit
424 3538 456 3586 ad
473 3540 562 3588 solium
574 3541 670 3605 Putris,
687 3544 772 3593 Viam·
805 3555 858 3592 ,uus
876 3543 894 3588 l.
914 3555 944 3590 tr.
962 3541 1020 3589 Ciu.
1043 3542 1104 3600 Dei,
1124 3556 1147 3589 c.
1166 3552 1243 3588 xxix.
1256 3539 1335 3588 ‘lllic

246 3627 295 3676 que
307 3614 407 3663 cunctis
418 3615 451 3664 ud
463 3619 644 3680 resurgendum
657 3620 749 3671 dedit!
811 3615 895 3678 enim,'
906 3617 998 3679 inquit,
1016 3617 1082 3664 ‘tibi
1102 3630 1153 3664 uon
1173 3615 1283 3664 Vestalis
1299 3613 1336 3663 l'u·

280 3688 332 3743 Quo
343 3691 437 3738 numine
455 3690 516 3753 uiso]
536 3693 610 3744 Pilio.
643 3697 685 3744 stc
703 3698 771 3746 enim
811 3705 924 3753 cus,non
944 3692 1010 3755 lapis
1023 3692 1194 3754 Capitolinos,
1204 3691 1251 3740 sed
1268 3692 1337 3740 Deus

245 3762 289 3812 ille
302 3765 327 3813 in
340 3766 481 3828 Evangelio
498 3766 605 3817 Joaunis
624 3770 656 3818 ud
675 3773 771 3837 Philip·
811 3781 875 3814 00110
887 3774 914 3815 et
924 3771 1018 3816 000003

247 3855 322 3902 pum:
335 3842 348 3888 ὁ
359 3841 461 3903 ἑωρακὼς
472 3840 522 3901 ἐμὲ,
534 3842 771 3910 ἑώρακετὸνπατίρα,
843 3845 871 3892 Si
882 3846 973 3906 lapides
983 3860 1029 3892 uuir
1041 3843 1100 3904 juro
1112 3843 1190 3906 Deos]
1204 3842 1337 3892 Particnla

246 3915 328 3964 Porro
364 3917 527 3978 procationes
563 3920 603 3969 hre
630 3920 771 3974 Ausonium
810 3920 945 3969 riveteres
957 3920 983 3967 in
1001 3920 1180 3968 obtestatione
1192 3921 1336 3968 utebantur.

247 3990 448 4040 Christianarum
466 3993 609 4046 litterarum
622 4000 771 4057 studiosum,
810 3995 935 4044 Prudent.
956 3995 982 4043 in
1000 3996 1073 4043 Ρο00·
1094 3996 1122 4044 S·
1145 3994 1270 4044 Vincessl·
1295 3994 1338 4043 ‘Si

244 4067 372 4130 valdeque
398 4068 511 4130 peritum
541 4069 619 4122 luisse
646 4075 770 4127 indicunt.
809 4072 860 4119 rite
872 4072 1019 4120 001100111οῐ0
1037 4068 1105 4118 diem
1117 4070 1280 4119 venemur
1296 4084 1337 4118 ⁰¹0

249 4141 355 4191 Vinctus.
810 4161 840 4196 sc
861 4154 984 4209 pectore:
1011 4146 1037 4193 Si
1056 4145 1105 4193 sub
1126 4153 1230 4194 tuorum
1247 4144 1336 4208 gaudio

276 4224 306 4267 21
321 4220 439 4281 Coniugio
448 4222 538 4284 nostru]
551 4224 591 4271 Ex
602 4225 688 4288 priore
697 4227 771 4290 Epis.
809 4223 984 4284 vestigiorum
1012 4221 1171 4269 sternimur.‘
1215 4221 1336 4271 nomin

244 4295 297 4343 tola
318 4294 350 4342 ad
365 4296 522 4358 Corinthios,
533 4298 675 4348 demortuo
687 4302 772 4350 Chris·
809 4297 910 4346 lib-111·
931 4296 982 4344 Od.
1002 4308 1085 4345 xvut.
1102 4296 1150 4344 ‘Si
1169 4302 1246 4344 tener
1262 4297 1335 4360 pleno

244 4376 272 4418 to
290 4384 336 4431 pro
356 4371 471 4432 peccatis
492 4371 608 4434 aliorum,
625 4379 653 4421 et
671 4374 704 4422 de
722 4377 771 4425 Re·
809 4373 880 4421 cudit
891 4373 981 4420 lioedus
999 4384 1075 4432 annu,
1088 4372 1175 4434 Largo
1186 4370 1335 4420 necdesuut

245 4446 404 4494 surrectione
416 4453 582 4495 mortuorum.
600 4448 675 4498 Idem.
810 4450 920 4497 Veneris
941 4448 1021 4497 sodali
1038 4448 1107 4496 Vina
1124 4447 1247 4497 cratere!
1260 4445 1336 4496 idem

277 4523 309 4564 tu
333 4519 397 4573 Quor
425 4521 516 4583 letifer]
542 4523 717 4574 Tertullianus
745 4526 770 4574 in
808 4527 945 4589 Satyr.v1.
962 4524 979 4571 l.
992 4537 1032 4572 xr.
1049 4524 1092 4573 ‘Si
1113 4538 1197 4589 neque
1212 4522 1338 4584 majorem

247 4587 436 4652 Apologetico:
455 4595 603 4659 ‘Operatio
628 4598 771 4651 demonum
808 4599 860 4652 feci
873 4601 971 4650 ratione
986 4599 1054 4649 mals
1070 4613 1136 4666 rem,
1155 4603 1206 4652 Nec
1216 4597 1338 4649 turniac-
