2806 5234
364 768 518 818 sosnrcn
543 766 746 817 neuterius
770 770 937 819 nnuonss.
1128 754 1195 820 995

141 906 241 957 Medica
256 908 293 954 sei
306 907 379 969 urio]
396 908 631 957 Videtorlrieortir
669 907 714 957 Sio
735 908 762 956 iu
784 908 869 957 cerm.
892 922 954 958 vrrs.
979 908 1121 959 delirum.
1145 910 1195 963 (ir.

108 997 165 1033 esse
175 982 279 1045 plurslis
289 983 397 1032 numeri.
429 983 480 1031 Sed
495 983 571 1031 utitor
582 983 631 1031 dis·
671 983 807 1047 Burdigsl.
824 984 833 1011 ⁴
850 983 905 1032 Vos
924 984 988 1032 lerls
1002 999 1093 1050 cespes
1113 992 1196 1051 teget,

107 1059 202 1117 tinguit
213 1064 286 1106 setus
297 1057 372 1113 liber.
387 1057 473 1122 inquo
485 1059 587 1107 Medica
595 1059 633 1107 ocl
671 1066 700 1109 et
709 1057 837 1123 sepulchri
847 1059 928 1108 Tecto
944 1057 1082 1110 detendunt
1096 1061 1196 1128 cineres

107 1134 169 1183 ortis
186 1134 279 1192 dogna,
298 1133 335 1182 sel
354 1133 512 1182 Plutoeicsssr.
545 1133 583 1182 Ut
599 1131 632 1181 ed
672 1132 795 1196 opertos.’
827 1133 879 1181 Pro
895 1132 999 1194 sutgrts
1014 1141 1108 1196 temen,
1129 1137 1196 1186 Pru·

109 1209 289 1272 dogmsticsm,
306 1222 351 1257 ssu
370 1209 480 1272 logicens
497 1208 632 1258 medicine
674 1208 776 1258 dentius
793 1208 819 1256 in
837 1207 961 1257 Pessione
973 1206 1123 1271 Hippolyti:
1140 1212 1197 1263 Ser·

109 1290 208 1347 purtem
220 1281 310 1332 referri
322 1284 411 1346 possit.
443 1285 484 1333 De
494 1297 545 1349 qus
559 1284 635 1347 pluro
673 1289 712 1331 set
721 1280 845 1332 dalmi
854 1296 917 1344 spese
927 1280 1017 1342 judicis
1026 1295 1077 1330 osso
1086 1285 1198 1346 repulere

110 1358 143 1406 sd
155 1358 281 1420 Griphum
291 1359 448 1408 Temeriuns.
675 1357 727 1406 Pro
738 1357 746 1384 ‘
757 1370 863 1406 uerrere
869 1355 956 1406 sedem
964 1355 1107 1419 sepulcris‚'
1115 1358 1198 1411 essm

143 1437 172 1482 ll
196 1432 279 1481 Sedens
300 1432 439 1496 sepulchris]
461 1434 635 1506 Reposuersus
675 1445 715 1479 xs.
732 1431 815 1479 dixit:
833 1431 1200 1495 Estoploridsr,stpslslissse·

111 1514 187 1558 entes
196 1521 228 1558 es
237 1507 334 1573 optimo
345 1507 409 1559 libro
418 1508 504 1558 Sedess
512 1508 635 1571 upelciri.
675 1505 743 1555 siles
752 1507 828 1556 sedem
839 1506 905 1566 soor.

359 1872 654 1949 EPITAPHIA
697 1872 955 1950 HEROUM·

147 2019 257 2072 Nom
284 2023 332 2079 Qui
346 2023 403 2072 lello
417 2025 639 2086 linimiutcrssr·
679 2040 755 2090 quens
780 2025 805 2075 in
826 2027 938 2077 consiliis
958 2027 1090 2092 rspicudls
1108 2029 1201 2080 Nesto·

115 2098 183 2160 mut]
202 2100 252 2154 Qui
261 2099 319 2148 dello
331 2100 416 2150 'lioiro
426 2101 593 2163 iuterfuerunt,
605 2115 638 2150 ex
679 2101 752 2151 rens!
770 2101 877 2152 Visetur.

116 2174 199 2222 veteri
210 2175 275 2224 libro
287 2177 397 2239 reposui.
430 2177 524 2227 Graeco
539 2176 640 2226 desire·
711 2180 727 2225 2
745 2175 864 2239 Oppetiii]
874 2176 1092 2241 Agamemnonem
1102 2177 1159 2226 lsaec
1168 2175 1202 2228 de

115 2249 195 2312 tione,
211 2249 254 2313 qui
274 2250 385 2313 rpeteoir
404 2249 519 2312 πολέμους
540 2252 639 2303 dicum.
679 2266 707 2301 se
717 2251 865 2315 loquentem
880 2251 1020 2301 inducebat
1034 2253 1165 2316 exemplet
1175 2253 1202 2301 ln

115 2325 159 2372 Sic
180 2332 207 2374 et
228 2326 380 2391 Propertius
404 2328 449 2379 lib.
470 2342 507 2377 ιν.
528 2328 601 2390 Eleg.
620 2343 640 2378 s.
680 2340 730 2389 qoo
749 2331 807 2373 erut
826 2325 921 2388 oppetii,
942 2333 970 2376 et
987 2340 1053 2389 nec,
1069 2340 1119 2376 nou
1138 2340 1203 2377 som.

116 2401 123 2425 ⁶
140 2399 241 2462 chem,
252 2402 332 2466 Trojs
343 2403 430 2463 cades,
446 2409 474 2452 et
484 2402 579 2453 Troice
590 2403 640 2453 Re·
681 2400 755 2450 Idm·

116 2489 157 2523 me
169 2482 302 2540 resurges'
334 2480 369 2527 Et
381 2478 424 2527 elii
434 2478 589 2527 sescenties.
712 2479 728 2524 4
746 2476 824 2531 Qseos
836 2477 1006 2539 clytemnestra
1015 2475 1092 2538 sust]
1107 2476 1203 2526 deens-

149 2550 292 2600 Inrrsriresst
302 2553 391 2601 ordiris
399 2554 565 2617 persequendi]
575 2554 641 2604 Qum
681 2550 739 2599 dsm
755 2551 822 2614 quod
839 2552 962 2614 corripiet
973 2550 1101 2601 Ausonius
1111 2557 1205 2600 ustura

117 2623 143 2670 iu
162 2627 305 2688 exemplari
323 2634 398 2676 erunt
416 2628 505 2691 primse
524 2642 642 2691 personae
682 2625 794 2688 longsm,
816 2633 843 2674 et
864 2627 902 2675 sic
921 2625 1072 2688 productum
1089 2625 1204 2687 Homero

116 2700 259 2764 singulares
268 2704 415 2766 isrsrroiress,
423 2705 571 2765 coruram,
579 2704 642 2754 oder·
682 2701 777 2751 Iliados
789 2702 880 2765 primo,
895 2717 945 2752 non
957 2707 1008 2750 tum
1020 2701 1110 2751 mirum
1121 2707 1161 2750 est
1170 2699 1205 2749 ols

117 2789 203 2834 rorem,
219 2775 296 2824 miror
314 2792 359 2826 cur
376 2779 402 2826 in
421 2779 511 2827 terties
530 2778 642 2841 ploreles
683 2782 852 2825 consonantes
868 2792 916 2835 sss.
936 2792 992 2840 quse
1011 2776 1114 2842 liquidee
1136 2783 1207 2838 sunt,

117 2857 249 2900 mutarunt
276 2852 469 2915 Lugdunenses,
494 2853 641 2913 immiscui,
682 2864 757 2913 quern
777 2858 883 2913 propter
897 2850 1092 2915 diphthongum.
1126 2850 1205 2914 Cujus

114 2926 265 2986 culturensi,
281 2927 425 2976 «demutent.
458 2927 503 2975 Sic
517 2927 585 2974 euim
597 2928 641 2974 rui·
682 2924 763 2972 nitere
778 2926 901 2973 socsliorn
917 2925 1059 2989 rejiciendo
1071 2925 1158 2986 fuerit,
1175 2929 1206 2973 ot

116 3000 141 3045 lsi
152 2999 229 3046 nihilo
241 3014 282 3047 rcs
294 3001 386 3048 clarior
397 2999 494 3049 evadit.
528 2999 581 3048 Pro
591 2999 641 3049 isto
680 2996 750 3058 leges
761 3004 806 3046 eut
819 2998 1053 3062 desumimus
1063 3002 1207 3064 Clyteme·

119 3080 204 3118 nostem
222 3072 322 3131 ordiris,
337 3073 359 3119 si
379 3073 458 3120 ordiri
479 3073 641 3135 scriberetur,
682 3075 734 3118 rra:
761 3084 817 3131 quse
847 3073 874 3118 iu
895 3074 1028 3120 veteribus
1049 3073 1205 3120 membrsnls

121 3153 149 3194 ut
160 3145 265 3194 verbum
282 3146 289 3173 ‘
303 3146 416 3194 servire’
433 3145 555 3196 constitui
566 3146 641 3208 solet,
683 3149 739 3192 erst
751 3156 797 3206 per
807 3157 820 3190 ο
830 3150 857 3191 et
865 3143 920 3191 sine
930 3158 956 3203 ss,
965 3144 1122 3192 Clttemertrs.
1139 3145 1206 3195 Qun

120 3223 168 3268 troc
188 3221 362 3271 existimarent
388 3219 529 3270 Ausonium
556 3220 643 3271 dicere
683 3216 904 3266 veroGraeeornsn
922 3218 1024 3265 heroum
1039 3217 1206 3279 epitaphislu

120 3296 240 3356 voluisse,
257 3310 285 3345 re
303 3295 447 3359 neglexisse
458 3294 574 3344 ordinem
585 3309 643 3359 per·
684 3302 800 3344 extreme
811 3289 963 3353 Anthologis
979 3289 1062 3340 edidit
1079 3290 1207 3340 Heuricus

120 3371 253 3436 sequendi,
269 3371 296 3421 id
313 3378 363 3433 est,
379 3386 432 3422 non
449 3386 506 3422 esse
524 3386 645 3435 meseco-
685 3367 838 3431 Stephanus,
858 3366 928 3414 nullo
947 3371 1064 3427 auctore,
1079 3366 1127 3415 sed
1149 3380 1207 3430 qun

122 3455 175 3496 tum
192 3449 243 3498 iste
259 3447 399 3512 epitaphio,
414 3461 465 3512 quo
481 3446 571 3496 ordine
589 3445 646 3495 foe·
685 3442 821 3492 Aristoteli
833 3455 866 3492 ex
878 3440 960 3502 Peplo
971 3453 1085 3490 asserere
1099 3447 1208 3495 constes

121 3530 179 3571 runt
189 3523 215 3572 io
227 3537 274 3572 sno
283 3523 348 3571 libro
356 3522 483 3587 exposite,
492 3520 537 3570 red
547 3520 645 3570 rosisse
686 3523 726 3566 est
741 3515 893 3566 Gullielmns
905 3513 1041 3576 Centesns,
1055 3515 1080 3563 in
1101 3516 1131 3565 iis
1149 3516 1207 3566 lene

122 3603 207 3646 tomen
225 3597 333 3658 interes,
350 3603 379 3646 ut
396 3598 421 3645 in
441 3595 565 3647 vertendo
584 3595 645 3644 libe·
687 3599 747 3640 sunt
764 3590 873 3640 disticho
890 3588 940 3639 dno
954 3589 987 3638 de
999 3588 1207 3652 Agsmemnoner

122 3673 175 3719 rior
196 3671 339 3719 eohaereret
367 3671 567 3734 conveniretqne
588 3684 647 3720 cnm
686 3663 1032 3727 'er’Apoplpsosorsoplsoo
1046 3664 1206 3724 lordonlm

121 3745 182 3806 illis,
199 3753 227 3795 et
239 3760 288 3794 non
300 3746 435 3795 recederet
446 3746 479 3796 sb
491 3759 579 3794 eorum
590 3758 646 3794 sen·
685 3741 925 3806 Arioorss'llrpsldro
934 3735 1207 3807 ‘Aysplpooros‚dtlss‚

122 3821 212 3870 tentio.
233 3819 336 3870 Vinctus.
369 3821 448 3868 Erret
468 3821 592 3869 Vinctos:
609 3819 645 3868 lo·
685 3817 783 3878 τύμβον·
795 3817 840 3868 ‘or
850 3816 899 3867 dds
918 3815 1207 3880 iri’sttytoeouaeolso·

123 3896 210 3958 orsitnr
224 3894 290 3944 enim
309 3894 393 3944 Podto
410 3894 444 3943 de
461 3894 551 3945 ordine
571 3894 647 3943 trium
685 3891 862 3955 plmrdltdxoo.
888 3890 992 3956 'eropon
1011 3890 1207 3952 ltrfipsrdd'A·

122 3971 243 4020 librorum
256 3971 445 4022 Percntslium:
464 3979 493 4022 nt
504 3985 596 4036 nempe
606 3971 648 4020 liic
686 3965 965 4033 rpsldeo'dpopiprosor.
977 3967 1004 4016 is
1012 3968 1042 4030 po
1051 3965 1208 4021 euriaco&

123 4049 214 4098 tertius
233 4048 298 4097 liber
313 4047 455 4097 cohereret
475 4061 534 4097 eum
553 4060 648 4110 prece·
688 4042 1209 4107 Kewonoirrpndlsispuolxdrlorddesr.

123 4118 255 4183 dentibus,
264 4122 378 4185 ossumris
389 4121 450 4170 nihil
460 4121 567 4170 heberet
577 4119 648 4184 qnid·
721 4120 798 4174 Quem
810 4118 990 4182 Clytemnsrtrn]
1006 4119 1143 4168 Mutsrunt
1160 4119 1210 4170 virt

125 4210 200 4257 quiem
212 4209 269 4245 cum
284 4197 313 4244 iis
330 4210 474 4258 commune,
491 4201 648 4258 proteruus·
688 4195 759 4244 docti
771 4194 796 4242 iu
809 4194 973 4258 Clytemestra.
986 4230 990 4237 .
1005 4192 1079 4244 Quod
1099 4195 1138 4243 utl
1155 4209 1208 4245 non

126 4271 424 4334 tcrisus'eongroeutem.
689 4270 814 4332 improbo,
827 4268 865 4318 lte
875 4282 922 4317 uec
933 4267 1063 4331 pristinem
1073 4268 1209 4320 lectionem

161 4347 209 4394 No.
220 4349 276 4394 218.
295 4350 307 4393 l
326 4344 483 4408 merem]
497 4345 550 4397 Qui
563 4343 649 4394 moltis
689 4345 788 4408 rejicio.
810 4345 858 4392 Est
875 4342 942 4391 enisu
961 4341 1051 4392 Poitis
1071 4350 1122 4392 tens
1140 4344 1210 4395 lad·

126 4421 228 4483 regibus
239 4420 392 4482 impsrebst.
424 4421 649 4471 CicerosdDolu·
689 4418 815 4481 nisqusm
827 4416 927 4465 Grecis
944 4430 1066 4480 perquem
1079 4415 1209 4469 fumillsris

126 4499 217 4548 bellom
241 4498 305 4560 libro
332 4513 421 4559 nuno:-
438 4501 447 4526 ⁴
467 4498 651 4563 Agamemnoni
690 4493 735 4542 ills
752 4493 834 4556 longse
859 4491 924 4540 etius
952 4490 1057 4555 syttstsae
1079 4495 1209 4560 correptio

128 4587 214 4636 regum
228 4573 281 4637 regi
293 4572 486 4626 tuitionestuor
499 4574 594 4623 habere
607 4572 651 4619 sti·
692 4575 811 4632 respectu
822 4565 924 4632 liquide
936 4573 963 4616 et
974 4573 1049 4617 motae
1059 4583 1210 4622 concorren-
