2806 5234
406 737 560 789 eunoun
583 739 852 791 ruoruasonns.
937 797 946 809 ,
1108 726 1174 793 ost

86 883 231 934 nitudiuem
249 895 367 931 mammes
386 886 564 943 excreverant,
584 889 614 931 ut
650 880 747 931 feracia
763 894 908 944 eampomm
928 899 1041 950 equora,
1059 890 1105 934 aut
1121 885 1175 935 im·

88 966 148 1022 post
159 960 276 1007 humeros
287 957 381 1007 obditis
392 955 535 1007 infantibus
553 957 614 1007 ube·
651 954 746 1019 giferov
766 956 867 1015 collea;
889 973 994 1020 quorum
1015 959 1077 1009 loeta
1097 960 1174 1010 viridi

89 1034 302 1095 readmoverent,
320 1035 364 1082 via
379 1032 613 1096 dejerantesfidem
651 1031 767 1093 germine
790 1029 870 1080 facies
893 1044 944 1081 uon
960 1034 1041 1083 minus
1059 1035 1175 1084 omnium

87 1107 180 1157 secisse
198 1109 305 1158 maritos
322 1109 443 1173 synesius
460 1107 613 1170 rciert‚nou
650 1106 738 1156 oculos
759 1106 792 1155 ad
813 1119 871 1155 sese
891 1107 979 1169 trabit,
995 1114 1072 1171 atqua
1088 1111 1175 1160 aouori

87 1190 231 1233 ceterarum
254 1198 353 1248 quoque
371 1184 485 1248 gentium
505 1184 613 1234 feminas
650 1181 810 1232 decurrentis
828 1179 899 1231 fluvii
918 1183 1015 1231 susurri
1031 1185 1174 1236 accolarum

87 1258 176 1308 eadem
195 1261 308 1322 pectoris
324 1260 423 1308 sarcina
439 1258 612 1310 dehonestari.
650 1273 726 1309 aures
736 1259 892 1309 demulcent.
911 1259 1000 1320 Ἐπεί,
1012 1261 1101 1324 utjam
1113 1272 1173 1315 autc

86 1329 139 1383 Sed
149 1336 274 1399 nequiores
285 1335 335 1384 tttae
352 1343 438 1386 tamen
450 1335 611 1398 peregrinis:
649 1334 771 1395 iudicavi,
788 1335 848 1384 illuc
869 1335 930 1384 milri
952 1335 1063 1385 adeundi
1084 1350 1175 1389 caussa

87 1424 192 1475 quarum
213 1425 321 1477 namque
342 1411 523 1475 castigatiores
542 1411 612 1463 i'orte
648 1411 700 1460 iter
710 1411 830 1473 essarta,
841 1412 883 1460 eui
895 1410 1022 1474 postridie
1041 1424 1115 1474 quarn
1126 1426 1175 1476 ego

86 1484 612 1547 mammasesseuteontoitoe,conilusutes
648 1485 812 1547 adveneram,
834 1494 863 1536 nt
884 1486 954 1536 Duci
973 1485 1078 1548 styrie,
1096 1500 1178 1536 secra·

85 1560 118 1609 ad
140 1562 289 1610 inusitatum
313 1563 490 1625 spectaculum
510 1562 611 1612 collutis
648 1568 762 1611 mentum
779 1561 812 1609 ab
823 1561 960 1624 oppidania
971 1560 1116 1625 prestitum
1127 1568 1176 1611 eat.

85 1635 196 1685 ubertim
212 1637 360 1686 muneribus
377 1638 549 1700 alienigenum
567 1637 610 1687 de·
649 1638 829 1689 occurrebant
846 1639 871 1687 ei
891 1638 1042 1687 adventanti
1056 1651 1175 1700 proceres

85 1725 130 1760 cus
158 1712 388 1776 prosequebantur.
432 1712 522 1761 Nostri
550 1726 611 1763 vero
649 1711 680 1760 ad
694 1713 803 1775 primum
814 1711 845 1761 ab
857 1711 921 1761 urbe
941 1712 1065 1774 lapidem,
1076 1711 1118 1760 ubi
1130 1711 1175 1761 de·

85 1785 121 1835 illi
130 1787 296 1851 inhospitales
305 1787 424 1846 nimium
435 1786 467 1835 sd
476 1801 540 1851 quos
552 1801 610 1836 cnm
648 1786 699 1837 lixa
710 1789 809 1853 aliquot
818 1790 929 1838 tentoria
937 1789 1059 1839 nobilium
1072 1789 1176 1840 turbam

83 1861 170 1910 subito
184 1862 381 1927 respiceremus,
397 1869 441 1910 ant
453 1861 610 1912 ciconiarum
647 1862 691 1910 vix
702 1864 849 1924 capiebant.
882 1864 932 1913 His
945 1864 1046 1913 cinctus
1060 1865 1177 1928 Impera·

85 1936 152 1986 colla
163 1936 275 1998 curvari,
287 1945 331 1986 aut
343 1936 470 1986 auriculas
481 1937 544 1986 esini
557 1937 610 2000 ugi-
649 1945 699 2001 tor,
716 1940 806 1989 turmis
827 1941 926 2005 aliquot
943 1942 1056 2005 equitnm
1069 1942 1176 1991 comita·

84 2011 135 2059 tari
147 2024 233 2072 mauu,
251 2018 297 2059 ant
313 2019 465 2060 metuentem
477 2012 549 2060 cauis
563 2013 610 2060 liu·
649 2020 702 2063 tum
723 2016 950 2080 prosequentibus,
967 2016 1176 2066 interaneorum

85 2099 176 2147 guam>
197 2084 318 2148 protendi
348 2083 609 2148 deprehendebamus.
648 2094 832 2138 tormentorum
855 2090 990 2153 strepitus,
1017 2092 1175 2153 clangorem-

85 2160 206 2208 Cetcrum
226 2160 277 2209 cibi
294 2168 420 2225 potusque
436 2159 530 2226 ubique
547 2159 609 2210 affa-
648 2176 699 2226 que
710 2163 829 2213 tuburum
842 2164 932 2213 urbem
944 2178 1032 2214 versus
1048 2180 1114 2230 equo
1130 2180 1174 2215 ve·

84 2235 206 2285 timeret.
238 2236 326 2285 Hasce
341 2235 472 2297 augustiis
486 2235 528 2283 vix
541 2236 609 2286 clnc-
647 2238 765 2300 bebatur,
777 2239 917 2304 usquedum
926 2242 1059 2304 noulonge
1071 2257 1087 2290 a
1099 2250 1174 2306 porta

85 2310 143 2372 tati,
167 2311 329 2374 pervenimus
353 2308 455 2359 taudem
477 2309 537 2360 Sole
554 2311 609 2374 jam
647 2313 818 2377 descendeus,
838 2329 870 2364 ex
887 2315 1020 2365 obviorum
1035 2317 1174 2366 Consulum

83 2403 173 2437 necaro
190 2388 331 2439 Graecium.
363 2389 449 2459 ceput
468 2402 498 2436 ea
514 2388 608 2452 Styriar
647 2389 763 2439 mauibns
780 2391 866 2440 eleves
885 2392 1022 2455 reciperet,
1034 2392 1117 2456 lisque
1129 2392 1174 2441 de·

83 2464 167 2514 Morte
178 2464 257 2514 fluvio
269 2464 428 2528 rapidissimo
441 2463 554 2527 adjacet,
564 2463 609 2528 qui
647 2463 802 2514 ducentibus
813 2481 861 2529 per
874 2468 1030 2530 tergeminos
1042 2481 1117 2516 arcus
1129 2467 1175 2516 tri·

83 2539 108 2587 in
120 2553 238 2603 suprema
246 2540 335 2603 styria
345 2540 497 2601 scaturiens,
513 2553 610 2604 perque
647 2542 791 2606 omphalae,
800 2543 1009 2608 digestornmque
1017 2546 1111 2594 civium
1121 2559 1175 2594 rua·

83 2615 206 2663 montium
235 2613 365 2664 anfractus
389 2615 520 2678 delapsus,
542 2629 609 2664 com·
647 2617 760 2683 nipuloa,
783 2621 916 2682 Feliciter,
947 2622 1070 2672 Feliciter
1091 2623 1174 2672 accla-

83 2689 170 2751 piures
181 2689 397 2754 nudiquerivulos
408 2689 609 2753 recipit,qnlbus
646 2695 779 2755 mentium,
791 2695 817 2743 in
829 2698 912 2744 aulam
925 2705 1084 2760 properaret.

84 2769 183 2817 unctior
193 2768 284 2817 moeuia
298 2767 396 2818 oraeett
408 2768 518 2830 mordet,
530 2776 610 2833 etqua
650 2796 653 2802 -
680 2768 746 2817 Dum
772 2771 813 2820 tric
838 2771 992 2836 aliquamdiu
1021 2787 1174 2833 commoror,

82 2842 141 2890 inde
154 2857 201 2905 per
218 2843 341 2891 distincta
353 2842 529 2891 amoeuissimis
542 2857 609 2891 cam·
646 2844 764 2905 cognitus
775 2852 816 2895 est
826 2846 984 2896 milriDecus
992 2847 1056 2897 illud
1067 2847 1173 2911 ilunga-

81 2917 120 2979 pis
131 2919 194 2982 Juga
212 2915 340 2978 profluens
361 2915 539 2965 Dravotluvio
551 2918 609 2966 mis·
644 2919 706 2966 ricae
717 2921 812 2981 gentis,
828 2922 914 2971 Heros
935 2924 1078 2974 Nicoaava
1094 2925 1174 2974 Satar-

82 3000 163 3042 eetur.
206 2989 340 3054 Oppidum
367 2990 451 3053 ipsum
476 2989 606 3039 modicum
645 2993 909 3055 rtrvs,cujuacrebrae
928 3003 955 3046 et
974 2996 1174 3048 felicesiu'l'ur·

82 3074 132 3126 est,
152 3071 181 3114 et
200 3065 313 3127 elegans,
333 3061 443 3113 rotunde
462 3064 608 3128 oblongum,
644 3066 726 3113 ciram
745 3067 870 3114 ditionem
886 3071 1034 3130 eruptiones
1055 3071 1081 3117 id
1104 3087 1173 3120 com·

82 3140 226 3201 leniterque
237 3152 321 3187 arcem
334 3150 422 3185 versun
433 3137 540 3201 acclive,
549 3154 607 3203 quse
644 3153 769 3200 meruere,
778 3147 808 3187 ut
825 3145 854 3188 et
871 3141 972 3189 illarum
991 3141 1059 3191 iamu
1071 3154 1173 3194 omnem

82 3213 170 3263 arduas
180 3212 324 3262 ctexcelser
336 3212 392 3275 rupi
404 3211 525 3274 imposita
535 3214 608 3264 tutls·
644 3214 817 3266 Christianum
835 3214 922 3261 orbem
943 3213 1072 3277 impleret,
1088 3224 1116 3265 et
1136 3218 1174 3280 ip·

81 3291 171 3340 simum
191 3289 285 3338 accolis
300 3294 393 3337 contra
409 3287 552 3338 Tuscorum
569 3290 607 3338 in·
644 3305 698 3339 mm
710 3289 851 3338 Sanrmvsr
866 3302 959 3337 nomeu
975 3289 1066 3339 Turris
1078 3293 1172 3341 terrori

81 3369 212 3419 cursiones
225 3367 417 3430 receptaculum
435 3372 484 3416 eat.
518 3365 608 3416 AEditi-
645 3373 723 3415 essct.
762 3364 855 3427 ltaque
877 3363 947 3427 qnod
974 3365 1007 3414 de
1034 3365 1174 3417 Huuuiade

80 3446 120 3496 cia
132 3445 233 3508 privata
249 3443 311 3493 satie
327 3440 464 3505 magnilica
477 3448 506 3491 et
522 3443 608 3506 erupta
643 3440 791 3491 factitatum
807 3439 921 3502 legimus,
938 3439 1057 3506 quodque
1070 3449 1171 3491 veteres

81 3529 157 3581 annu
178 3535 245 3584 quse,
256 3526 285 3568 ut
296 3532 384 3567 verum
394 3516 488 3578 fatear,
496 3518 607 3567 nitorem
645 3514 713 3578 apud
730 3515 844 3563 Batavos
861 3513 960 3563 Drusus
977 3515 1071 3565 'liberii
1089 3515 1172 3567 irater

80 3596 202 3646 mediocri
213 3593 316 3644 civitati
327 3592 394 3642 hand
408 3593 535 3642 modicum
547 3606 607 3641 eon·
644 3591 731 3651 evicit,
741 3587 876 3639 infantium
890 3589 1005 3651 ploratus
1014 3592 1068 3640 solo
1076 3591 1173 3641 adven·

81 3671 180 3720 ciliaut.
213 3666 322 3729 Temple
337 3665 457 3730 sedesque
480 3680 560 3715 sucrae
580 3673 609 3715 et
645 3667 723 3715 tantis
734 3664 828 3714 Seriuii
839 3664 942 3714 nomine
958 3662 1170 3729 comprimuntur.

80 3746 201 3811 publieee,
217 3742 431 3810 quemadmodum
450 3741 554 3804 ubique,
571 3741 608 3791 ita
644 3744 786 3794 Plurimum
798 3749 937 3807 eapropter
949 3742 1033 3792 debeo
1051 3743 1173 3794 illustris·

80 3831 109 3872 et
129 3822 171 3871 iric
188 3821 346 3884 privatarum
366 3817 486 3866 domuum
506 3816 608 3881 elegen·
644 3819 811 3870 aimoCoruiti
823 3820 992 3879 Ponrrrvoro,
1005 3820 1078 3881 eujus
1096 3819 1173 3882 iusig-

80 3898 140 3947 tiam
151 3897 228 3959 louge
239 3899 373 3958 superant.
390 3892 500 3942 Celebre
512 3901 552 3948 eat
562 3905 608 3954 op·
645 3898 683 3945 nis
694 3910 757 3958 erga
769 3909 810 3943 me
821 3894 893 3943 favor
912 3895 944 3944 ud
964 3896 1111 3944 interiorem
1132 3893 1172 3944 t'a·

80 3979 167 4042 pidum
188 3975 370 4027 anniversariis
397 3971 525 4033 nundinis,
546 3985 607 4035 quas
644 3973 819 4034 mitioremque
840 3972 905 4018 tanti
922 3971 1097 4019 ririuotitiam
1111 3970 1173 4019 ruilrl

80 4050 608 4117 Huugeri,Itali,Croati,deratrii,eete·
645 4048 742 4096 aditum
767 4045 848 4093 dedit.
880 4045 1040 4094 Discedenic
1063 4058 1172 4108 numque

80 4130 152 4193 rique
162 4129 238 4178 vieini
248 4126 423 4191 frequentant.
436 4122 606 4185 Quarequid·
644 4122 804 4185 Imperatore
832 4121 857 4168 in
880 4121 1001 4169 Carnium
1028 4130 1054 4170 et
1082 4122 1172 4171 Carin-

81 4203 141 4267 quid
152 4204 274 4252 mercium
282 4214 390 4267 qumque
401 4200 470 4263 regio
480 4198 542 4260 iert,
554 4198 606 4246 illic
645 4198 733 4260 thium,
750 4211 807 4246 curn
825 4194 926 4244 affinem
939 4210 1011 4245 sumu
1023 4196 1132 4245 invisere
1145 4198 1172 4247 iu

80 4278 247 4327 distrahitur:
266 4274 606 4335 indeiubioraviem,Boio·
645 4274 756 4323 animum
773 4271 927 4333 induxisset,
943 4285 983 4318 me
1000 4285 1101 4335 quoque
1114 4286 1172 4334 per·

79 4359 199 4419 hemiam,
223 4363 250 4404 et
265 4357 324 4405 loca
342 4356 425 4404 vicina
445 4355 606 4418 deportator.
643 4365 718 4414 quam
730 4349 837 4398 comiter
854 4356 882 4396 ct
898 4347 1024 4395 benevole
1042 4348 1171 4411 invitavit,

79 4436 157 4484 Ultra
173 4433 275 4482 Murum
292 4428 439 4479 suburbium
456 4430 535 4478 babet
553 4430 606 4478 lete
644 4427 681 4474 uti
690 4438 775 4473 aecum
784 4421 970 4486 proficiscerer.
988 4422 1172 4486 Arripuiutra·

80 4507 210 4570 diffusum,
246 4505 382 4569 multisque
412 4505 527 4554 domibus
555 4503 605 4553 ire·
643 4498 1041 4564 tque‚q¹1⁰d³lunl‚m⁸¹¹ul⁸m
1063 4506 1169 4563 exopin-

80 4599 174 4649 quens:
198 4583 231 4634 ad
247 4590 383 4647 utramque
395 4593 455 4631 vero
466 4583 548 4644 ripum
560 4589 605 4629 aut
644 4583 696 4624 tarn
707 4573 883 4624 occaaiouem:
900 4572 1031 4638 tertioque
1041 4588 1073 4624 er
1085 4588 1117 4626 eo
1127 4574 1169 4628 die
