2850 5256
224 731 289 798 936
572 740 678 789 norm
702 737 900 787 vuurouuu
925 737 966 786 ru

231 887 365 939 Cossium:
380 876 500 935 lonso
518 880 633 948 Hesperio
648 882 704 948 filio
714 897 755 931 suo
791 881 893 930 demum
915 881 993 929 Clara
1012 879 1179 944 coeperunt
1204 890 1317 946 praprn.

230 966 257 1014 s,
276 962 401 1025 scaliger,
793 956 855 1004 dere
866 955 963 1006 lumine
973 955 1063 1018 menti,
1072 955 1126 1005 Res
1135 957 1231 1021 quibus
1239 960 1319 1008 oecul-

228 1072 231 1077 -
262 1041 381 1102 ligusto
396 1037 503 1101 mmo]
530 1037 561 1086 ln
583 1043 673 1087 vetere
689 1038 757 1101 Lug·
794 1039 833 1081 tas
846 1032 950 1094 penitus
960 1031 1094 1080 convisere
1106 1031 1215 1095 possis!
1312 1052 1314 1057 ¹

231 1115 339 1165 dunensi
352 1112 442 1163 codice
453 1114 545 1163 titulus
556 1122 621 1175 erat,
631 1115 755 1162 Coucuv·
824 1113 841 1157 4
853 1108 902 1156 Per
912 1105 1018 1168 torm]
1030 1105 1191 1156 Aduerbium
1201 1115 1252 1158 est.
1260 1109 1325 1158 Hes·

225 1205 283 1241 sro.
305 1190 442 1238 Ausonias
459 1189 600 1238 Hmernro
620 1200 695 1238 rrum
715 1201 757 1236 ss·
794 1183 867 1247 perio
886 1184 924 1232 illi
951 1191 1076 1246 precetur
1109 1182 1216 1247 longam
1235 1185 1322 1235 ritem.

232 1278 334 1315 urruns.
366 1264 397 1313 ln
409 1264 476 1325 aliis,
493 1277 529 1313 ors
544 1277 593 1313 suo
610 1275 755 1313 rssronvss
799 1260 906 1309 Visetur.

233 1353 318 1390 urano
335 1351 373 1389 sn
389 1339 572 1388 Guroonrvu.
607 1338 759 1401 AdGrego·
825 1336 895 1384 tUt
912 1334 1018 1397 pretinm
1035 1338 1061 1383 et
1076 1332 1111 1397 te]
1129 1333 1188 1384 Hoc
1210 1341 1259 1396 ert,
1276 1334 1322 1386 fias

234 1417 300 1466 rium
309 1415 421 1465 mittitur
436 1415 515 1465 etism
527 1415 628 1477 Cupido
640 1415 710 1465 cruci
721 1412 759 1463 ni·
795 1411 873 1462 etiam
895 1418 924 1461 tu
943 1410 1061 1474 protinus
1082 1411 1179 1460 Consul
1196 1417 1256 1474 post
1277 1425 1323 1462 ms·

235 1490 437 1555 fixus,filiusque
448 1491 502 1540 illic
510 1490 643 1540 solutum.
665 1490 759 1539 Parum
795 1491 838 1541 De
850 1488 974 1552 Hesperii
986 1495 1072 1537 tumen
1085 1486 1133 1536 filii
1146 1487 1254 1536 Ausonii
1265 1487 1324 1551 po'e'·

236 1573 323 1615 nutem
331 1572 479 1628 sapuerunt,
490 1564 532 1628 qni
544 1565 593 1614 boc
604 1565 660 1614 loco
670 1564 758 1614 Hecto·
797 1574 831 1616 tre
843 1566 984 1616 consulem
1001 1564 1066 1613 nibil
1087 1567 1214 1629 comperi,
1230 1566 1275 1614 sed
1285 1565 1323 1614 is·

235 1660 283 1694 reo
293 1658 340 1708 pro
348 1648 442 1691 merso
449 1641 585 1704 legendum
595 1649 760 1690 censuerunt.
797 1641 847 1690 isse
856 1641 948 1690 saltem
958 1654 1017 1689 eum
1028 1639 1215 1688 Proconsulem
1225 1654 1258 1689 ex
1272 1641 1323 1690 Au·

237 1720 320 1768 Rome
336 1731 445 1780 namque
464 1718 566 1766 tametsi
584 1717 717 1767 Hectorea
733 1728 761 1768 et
797 1719 860 1768 nonii
875 1718 900 1766 in
918 1726 1017 1781 patrem
1025 1716 1125 1767 sallon
1136 1715 1253 1780 epicedio
1264 1730 1324 1780 cog·

236 1795 348 1858 Trojano
364 1794 416 1842 dici
435 1793 529 1856 potuit,
543 1800 629 1843 tamen
650 1793 761 1843 Ammis·
798 1808 901 1843 nosces:
920 1800 1061 1856 potestque
1072 1791 1213 1856 Hesperius
1229 1793 1324 1842 inesse

237 1883 286 1918 nus
308 1868 474 1919 Marcellinus
491 1882 548 1918 esm
560 1870 654 1933 pssslm
670 1872 761 1920 ‘uerter⁸
799 1869 942 1919 Proconsuli
954 1868 1081 1918 Gratiano
1100 1866 1268 1930 Imperatore,
1279 1882 1324 1917 cu·

237 1945 305 1995 uam'
325 1950 411 2006 vocnt,
425 1952 453 1994 ct
468 1945 552 1995 Julius
568 1946 762 2007 Frontinus,0·
795 1945 838 2008 jus
863 1943 1012 2006 equitatem
1036 1957 1087 1991 nna
1113 1955 1171 1991 cnm
1196 1944 1324 2006 grsritste

238 2022 323 2072 vidtur
340 2021 419 2078 Naso,
440 2022 543 2071 etalii:
561 2024 692 2088 Romaque
713 2037 763 2073 non
800 2019 963 2068 commendat
984 2018 1134 2068 Ammianus
1161 2019 1324 2070 Marcellinus

238 2097 327 2157 solium,
339 2109 424 2145 serrum
441 2097 519 2147 etism
542 2099 649 2147 Romani
670 2099 764 2161 princi·
800 2096 827 2144 in
838 2103 956 2145 extremo
968 2095 1034 2145 libro
1042 2096 1164 2146 vicesimo
1175 2103 1275 2146 octauo.

241 2172 404 2237 perfuerunt
421 2172 546 2221 ‘eterni'
565 2176 719 2236 nuncupati:
737 2181 765 2224 ut
834 2173 942 2222 Nolle
969 2177 981 2221 l
1007 2173 1085 2222 Annis
1110 2173 1231 2235 nodedu]
1261 2171 1327 2222 Solus

242 2249 365 2311 iuquarta
372 2248 515 2310 Symmachi
521 2248 637 2310 Epistola
644 2248 676 2297 sd
682 2249 763 2298 Auso·
801 2249 1014 2313 Lugdunensibus
1025 2248 1074 2298 illis
1084 2248 1242 2299 membrsnis
1250 2249 1327 2298 debe·

234 2322 322 2383 ·nium,
343 2324 435 2383 ‘quum
451 2329 604 2371 aeternornm
622 2323 764 2387 principum
803 2340 858 2373 mus
870 2326 917 2374 lroc
927 2324 1064 2374 tristicbon
1080 2338 1139 2375 cunr
1151 2340 1197 2374 suo
1207 2325 1256 2374 lroc
1268 2325 1328 2374 tito-

238 2399 292 2461 jem
314 2397 414 2460 pridem
432 2398 505 2460 sigua
521 2398 676 2449 comitarer:
697 2401 766 2450 Vine-
803 2404 838 2451 to.
871 2400 940 2449 Anni
959 2407 1046 2450 autem
1066 2400 1188 2450 undecies
1206 2407 1327 2458 eentum

244 2480 290 2522 tus.
803 2479 851 2527 boc
862 2484 911 2535 est,
921 2477 1002 2536 mille,
1013 2482 1041 2526 et
1053 2482 1166 2537 mutum,
1181 2483 1208 2524 st
1219 2483 1330 2538 quotuor

277 2556 292 2599 t
310 2551 408 2612 Digessi
431 2550 523 2612 Fertor,
538 2549 590 2612 tm]
608 2551 716 2614 Perpetis
741 2552 766 2600 iu
804 2552 873 2613 anni,
883 2559 910 2600 et
919 2550 1041 2601 undecies
1053 2565 1118 2601 anus
1134 2564 1226 2608 annus,
1241 2551 1268 2599 id
1280 2559 1331 2611 est,

244 2629 355 2676 vetustis
371 2627 569 2691 exemplaribus,
593 2629 656 2678 licet
680 2644 770 2692 praeper
805 2628 866 2675 unni
887 2627 1016 2689 undecim,
1033 2641 1065 2676 ac
1079 2624 1202 2689 empto,
1217 2626 1267 2675 boc
1282 2633 1330 2686 est,

235 2718 292 2767 pro
311 2704 391 2753 veloci
411 2718 510 2768 quinque
526 2706 584 2767 poni
595 2706 771 2765 consueverit,
807 2710 858 2751 tres
870 2701 938 2761 anui,
946 2708 975 2749 ut
986 2702 1064 2749 etiam
1075 2702 1223 2763 scripsimus
1233 2703 1258 2749 in
1270 2702 1330 2749 Cer-

244 2779 328 2841 sitque
340 2779 463 2840 temporis
480 2780 622 2839 presertim
638 2778 770 2842 fugacissi·
807 2791 865 2826 meu
887 2776 919 2822 de
938 2776 1090 2836 Caesaribus,
1111 2776 1175 2824 fiunt
1186 2778 1246 2824 anni
1263 2779 1330 2826 mille

245 2867 288 2899 rrru
300 2854 563 2915 utqueirreparabilis
576 2855 704 2915 celeritas,
720 2869 770 2916 per·
808 2861 835 2899 et
856 2859 958 2900 centum
978 2860 1003 2900 et
1021 2853 1108 2900 decem
1127 2860 1155 2900 et
1173 2862 1249 2900 octo:
1268 2862 1332 2916 quot

244 2942 283 2988 pes
311 2933 404 2985 tamen,
425 2927 491 2988 quod
515 2937 676 2989 perpetuum,
700 2930 770 2990 jugi·
806 2925 919 2974 efficient
941 2935 967 2975 et
986 2926 1126 2987 insequenti
1151 2927 1272 2974 Carmine
1295 2929 1330 2975 sd

237 3011 334 3063 ¹terque
355 3014 491 3061 annexum,
507 3015 590 3063 neque
608 3016 715 3064 linquam
734 3004 769 3050 iu·
806 3003 947 3051 Proculum
961 3002 1025 3050 mille
1036 3009 1063 3049 et
1078 3008 1182 3049 centum
1194 3010 1222 3049 et
1234 3001 1275 3049 bis
1286 3018 1332 3051 uo·

246 3078 367 3127 tercisum
389 3075 525 3139 significet,
540 3078 565 3125 in
584 3076 658 3126 iestis
670 3093 770 3128 accom·
807 3092 898 3135 vem,a
915 3075 1099 3126 rouditaUrbe
1116 3090 1197 3139 usque
1216 3077 1249 3124 ad
1266 3079 1331 3126 Con·

246 3153 448 3203 modatissimum
460 3153 609 3216 est,quibus
620 3156 680 3203 euni
692 3155 770 3203 totius
807 3155 918 3203 sulatum
936 3155 1062 3203 Ausonii:
1079 3154 1125 3203 sed
1143 3169 1199 3218 quae
1217 3162 1277 3202 suut
1295 3157 1331 3203 be

247 3236 320 3291 geste
330 3228 523 3288 disseribnutur,
535 3237 562 3277 et
579 3245 629 3292 quo
646 3231 679 3278 sit
695 3232 771 3279 meri·
807 3230 934 3280 rationes?
951 3229 1076 3289 Alcintus,
1089 3229 1247 3290 Haloander,
1263 3230 1331 3282 Onu-

248 3315 275 3354 to
287 3320 394 3368 qumque
405 3310 492 3352 notate
503 3304 567 3352 dies.
584 3307 718 3353 Accursius.
808 3306 903 3368 pbrius,
922 3320 951 3354 ac
973 3306 1025 3367 ulii,
1045 3305 1088 3368 qui
1106 3314 1195 3353 nostra
1212 3313 1289 3353 aetate
1306 3307 1331 3353 iu

280 3381 378 3441 Digessi
395 3378 490 3441 Fusios]
508 3380 581 3442 Opus
598 3382 646 3429 boc
674 3383 705 3429 ad
726 3396 771 3429 nos
808 3380 1021 3442 recognoscendis
1061 3382 1183 3430 Romanae
1221 3382 1334 3430 civitatis

247 3469 299 3503 non
315 3455 441 3515 pervenit,
460 3455 514 3503 siue
533 3456 642 3504 Carmen
660 3457 686 3504 id
698 3463 773 3520 esset,
810 3456 979 3521 temporibus,
1009 3463 1037 3504 et
1059 3455 1222 3504 restituendis
1248 3457 1332 3505 Pestis

249 3542 294 3576 seu
306 3529 391 3577 solute
407 3528 496 3578 oratio.
529 3529 654 3578 ‘Festos’
678 3540 772 3592 autem,
809 3546 912 3595 operam
931 3539 1080 3594 posuerunt,
1091 3545 1171 3579 annos
1190 3531 1230 3578 llic
1246 3530 1332 3579 trede-

248 3603 352 3663 ‘et,’id
369 3611 418 3666 est,
438 3606 503 3654 ‘evi
521 3607 623 3655 nomine
641 3608 771 3671 perpetui’
808 3611 858 3657 cim
899 3607 1141 3672 qtrattuordecimre
1178 3606 1332 3655 desiderent.

247 3680 360 3741 (perpetis
376 3681 443 3728 enim
459 3680 509 3741 bic,
526 3695 601 3743 qurum
616 3684 726 3745 prepetis
737 3685 772 3731 le·
809 3686 907 3734 Putant
928 3686 998 3732 enim
1012 3682 1154 3733 Ausonium
1171 3681 1251 3731 iusisse
1270 3684 1333 3731 Con·

250 3770 311 3817 gere
323 3752 420 3816 malim)
438 3761 582 3817 temporum
598 3757 699 3817 seriem,
721 3773 773 3806 om·
808 3762 888 3810 sulem
918 3759 1018 3821 college
1048 3758 1256 3818 Hermogeuieuo
1273 3758 1335 3819 Oly·

249 3845 295 3879 nes
307 3831 418 3879 civitatis
430 3832 551 3879 Romame
563 3845 642 3880 nonos
659 3833 691 3881 ab
703 3834 772 3883 Urbe
809 3837 872 3894 brio,
890 3851 956 3883 anuo
978 3835 1054 3883 Urbis
1072 3834 1210 3882 millesimo
1226 3834 1335 3883 centesi-

249 3907 351 3955 condita
363 3904 394 3953 ed
405 3920 462 3953 mee
480 3919 559 3968 usque
576 3913 702 3969 tompore,
713 3909 772 3972 quid
809 3926 850 3960 mo
873 3921 900 3960 et
926 3911 1055 3960 tricesimo
1085 3910 1170 3971 primo
1192 3910 1336 3958 secundove

250 3982 356 4044 singuiis
368 3989 475 4044 gestum,
486 3982 528 4045 qui
540 3982 668 4045 principes
681 3986 773 4034 Roma·
809 3987 872 4049 (imo
891 3990 940 4034 379
961 3984 1056 4034 Christi
1075 3984 1159 4044 scat.)
1180 3985 1227 4033 sed
1251 3990 1336 4047 potest

249 4059 274 4106 ni
286 4057 401 4118 fuerunt,
411 4058 454 4121 qui
469 4058 603 4121 Consules,
614 4060 708 4123 aliique
721 4076 772 4109 ma·
810 4062 940 4111 Ausonius
952 4061 1015 4110 alios
1026 4060 1067 4108 bic
1079 4074 1138 4108 esse
1154 4067 1260 4109 secutus
1278 4074 1335 4108 auc·

249 4136 376 4198 gistratus.
397 4136 502 4185 Vinctus.
810 4144 889 4197 tores,
901 4151 976 4200 quem
985 4136 1043 4198 ipsi.
1063 4135 1220 4197 ignorarunt
1230 4149 1336 4199 namque

280 4217 294 4259 5
313 4211 431 4272 Vigitntns
441 4212 518 4275 accipe
534 4212 621 4274 noctes]
640 4214 773 4261 Lucretius
812 4223 910 4262 veteres
922 4212 1029 4261 Romani
1039 4211 1179 4274 Graecique
1192 4213 1337 4276 scriptores,
1371 4200 1376 4210 ⁸

249 4285 293 4335 lib.
305 4300 323 4334 r.
356 4263 481 4336 ‘Sediua
492 4303 532 4336 me
549 4289 629 4336 virtus
641 4295 735 4350 tamen,
745 4296 772 4337 et
810 4298 839 4336 ut
865 4304 897 4336 ex
920 4287 1047 4348 Dionysio
1071 4287 1296 4337 Hslicarnasseusi
1313 4293 1339 4334 et

249 4372 351 4427 sperata
379 4367 496 4429 uolrrptas
524 4366 613 4414 Stratis
640 4367 772 4428 suricitiae,
808 4364 879 4415 Julio
895 4366 981 4413 Soliuo
998 4377 1211 4424 cognoscer,non
1227 4365 1303 4412 solum
1320 4377 1336 4408 e

250 4441 363 4501 quemvis
376 4439 491 4503 perferre
502 4442 616 4491 laborem
627 4441 733 4503 Suadet,
745 4451 772 4491 et
810 4455 869 4503 quo,
881 4439 1048 4489 verumetiam
1067 4437 1163 4502 qrsibus
1183 4439 1336 4502 temporibus

248 4512 346 4563 inducit
357 4525 445 4566 noctes
454 4519 561 4580 vigilare
573 4533 685 4579 serenes,
695 4522 770 4569 erae·
811 4520 894 4566 ileum
906 4516 985 4564 suerit
995 4514 1110 4564 condita.
1145 4515 1339 4572 Eratosthenes,

230 4644 232 4653 A
250 4596 348 4637 rentem
357 4592 433 4641 dictis
443 4595 544 4657 quibus,
553 4603 579 4643 et
590 4610 640 4659 quo
652 4596 770 4644 Carmine
809 4593 966 4657 Pomponius
985 4590 1096 4647 Atticus,
1116 4591 1219 4642 Merena
1229 4589 1341 4652 Tullius,
