2850 5256
158 776 224 843 902
504 778 612 827 uorsa
638 775 836 824 vsnrunusr
864 773 902 820 ιιι

160 936 289 993 rogarrter,
310 925 459 982 insolenter,
474 919 611 980 scelerate,
627 930 685 979 per·
720 915 944 979 apophthegmata.
966 911 1072 959 Visetur.

159 1005 220 1064 tide,
229 1008 274 1051 aut
293 1006 414 1062 proterve
433 995 459 1043 in
475 994 531 1042 rita
545 997 686 1041 versentur.
753 995 770 1039 ὓ
787 991 848 1039 dura
857 985 1005 1049 nmium]
1015 985 1048 1034 ‘li
1058 983 1137 1045 runi
1147 985 1184 1032 dri
1194 984 1245 1032 ads.

160 1077 234 1128 Unde
245 1076 253 1103 ‘
264 1075 381 1122 ultricem
390 1070 531 1119 facinorum
542 1066 687 1129 impioruur,
722 1063 791 1114 Olim
807 1061 995 1113 Lacedauacuii
1010 1074 1026 1108 s
1044 1060 1155 1123 parvulo
1165 1059 1198 1107 ad
1210 1072 1249 1106 rea

159 1150 410 1218 praemiatricenrqns
422 1141 555 1194 bonorum’
571 1141 685 1205 appella-
722 1140 827 1191 hellinas
842 1139 1029 1199 formabantur,
1046 1145 1075 1187 et
1093 1143 1125 1185 ut
1140 1137 1248 1199 primum

158 1228 195 1276 sit
202 1224 351 1275 Ammianus
359 1219 528 1270 Marcellinus
536 1216 603 1266 libro
610 1229 685 1279 quar-
722 1218 777 1267 usti
792 1222 877 1278 eraut,
893 1215 987 1278 clypeo
1005 1211 1105 1275 imponi
1124 1211 1248 1270 solebant,

161 1301 300 1352 todeciuro.
331 1296 383 1346 Sed
401 1295 435 1344 de
455 1294 500 1343 illa
516 1293 590 1357 plura
611 1292 686 1340 Eras·
721 1293 794 1341 hasta
802 1291 878 1353 juxta
889 1289 962 1337 illum
973 1287 1173 1351 posita,quiqne
1184 1298 1249 1346 pre·

159 1389 216 1424 urus
233 1374 259 1421 iu
272 1368 426 1435 proverbiis,
445 1367 519 1416 Petr.
531 1365 645 1415 crinitur
657 1364 686 1413 li·
722 1372 809 1416 sentes
827 1369 913 1422 erant,
929 1360 1121 1420 acclamabant,
1136 1358 1153 1417 h
1166 1360 1219 1419 eds,
1234 1359 1249 1415 i

160 1449 199 1499 bri
210 1445 394 1497 undevicesiml
405 1444 492 1507 capite
503 1449 578 1491 serto
588 1440 686 1491 delio·
722 1440 761 1489 lrl
776 1439 829 1499 ela,
844 1437 870 1487 id
888 1445 937 1500 est,
952 1444 998 1485 aut
1017 1437 1094 1497 huuc,
1110 1442 1156 1483 aut
1173 1449 1249 1497 super

160 1532 236 1573 nesta
249 1521 395 1583 discipllna,
412 1525 439 1570 et
458 1518 625 1583 Rhudigiuus.
647 1517 687 1567 Vi·
722 1516 803 1563 huuc:
816 1514 887 1578 quasi
897 1513 1031 1561 dicerent:
1043 1510 1132 1559 danda
1138 1511 1191 1558 erit
1203 1511 1249 1558 tibi

160 1604 236 1648 astu.
723 1604 812 1653 opera,
830 1588 873 1637 uhi
890 1587 1044 1645 adoleveris,
1066 1593 1095 1634 nt
1113 1587 1181 1634 hunc
1199 1587 1250 1648 cly-

128 1668 130 1671 ’
192 1674 293 1723 Nona
313 1670 389 1726 les'
398 1667 685 1734 hqsem1htiushsra
723 1679 799 1728 peum
820 1665 918 1712 salvum
938 1662 972 1710 ab
990 1661 1107 1710 hostibus
1123 1669 1249 1723 reportes,

161 1762 193 1796 ex
205 1745 306 1796 Grecis
317 1745 369 1794 illia
380 1743 450 1793 facta
465 1749 533 1804 aunt,
551 1757 608 1807 qna
619 1741 686 1790 libro
722 1741 764 1789 vel
782 1749 811 1788 nt
829 1739 932 1787 fortiter
949 1751 997 1800 pro
1009 1737 1096 1800 patria
1106 1736 1249 1786 dimicando

161 1823 245 1886 primo
263 1819 428 1884 Autholcgiae
447 1820 568 1883 leguntur
585 1817 686 1866 duobus
722 1828 802 1878 supra
813 1813 883 1862 illurn
894 1822 1002 1861 mortem
1013 1811 1163 1861 occumbas.
1190 1813 1248 1860 Psi·

160 1895 294 1946 distichis:
311 1895 501 1960 quorumprins
519 1904 577 1943 ast:
595 1892 688 1956 Χρωὸν
722 1904 828 1938 ιιιιιιιιιιι.
861 1887 964 1946 Potius,
979 1887 1007 1934 in
1022 1887 1067 1935 illu
1078 1887 1247 1935 monunado·

161 1970 218 2033 help
227 1971 241 2019 d
250 1968 293 2031 uls
308 1966 380 2033 ripn,
395 1971 409 2018 i
423 1969 551 2018 Νλισσ.
566 1966 598 2017 ὃν
613 1969 627 2016 d
644 1966 688 2028 uls
723 1981 791 2015 muru
804 1963 931 2013 reseraris.
965 1963 1064 2012 Noster
1082 1963 1159 2024 paulo
1173 1971 1248 2011 ante:

162 2046 242 2107 septu,
256 2046 374 2109 ‘hiems
396 2047 418 2094 δ’
438 2045 582 2110 cix'aipbs,
601 2043 688 2108 nrryphr
724 2037 1249 2102 ‘ArmssuperreherisqnodThssaybule

160 2120 231 2178 ἔδησε
249 2118 347 2184 βρόχον.
381 2119 501 2170 Alteram
517 2127 575 2169 eat:
597 2119 688 2183 xpwhr
725 2115 789 2166 tus!
805 2123 833 2166 et
855 2113 949 2176 virgil.
975 2111 1034 2162 ‘dt
1056 2113 1167 2162 husam
1188 2111 1250 2161 socii

156 2195 689 2335 mmmm
724 2187 1251 2315 {tsnltnllltintsii‘ln

160 2361 215 2405 χον.
248 2345 288 2394 De
299 2359 407 2408 qnorum
416 2345 567 2395 Groeoorom
577 2347 687 2395 auctori.
725 2340 822 2404 gemitu
832 2339 1024 2402 lachrymisque
1033 2337 1185 2401 lrnpnaituru
1194 2351 1251 2385 sen·

162 2420 210 2470 bua
233 2420 301 2470 inter
322 2421 468 2484 Diogenem
497 2420 636 2483 baernum,
660 2428 688 2470 et
725 2424 753 2466 to
785 2414 901 2464 referunt
933 2413 1056 2463 Pallanta
1085 2412 1250 2476 frequentes!

161 2512 231 2558 eum,
246 2496 290 2561 qul
303 2496 497 2560 Epigrammata
513 2495 557 2544 illa
573 2496 688 2560 collegit,
725 2495 865 2556 Eleganter
887 2493 936 2542 hoc
957 2490 1159 2556 Apophtbegura
1181 2489 1250 2552 apud

162 2585 212 2620 nou
234 2571 364 2621 conreulr.
405 2568 532 2621 Quoniam
553 2571 623 2633 prins
643 2571 687 2621 ille
727 2570 913 2620 Aristanetnm
932 2567 977 2617 lib.
989 2581 1021 2618 ιι.
1039 2567 1210 2631 reputans.
1225 2566 1251 2614 ia

164 2647 265 2699 Platoni
289 2647 328 2695 sel
350 2643 490 2707 Antipatro
508 2646 638 2708 inscribit,
660 2654 689 2696 et
725 2661 797 2694 suurn
816 2645 953 2708 detorquet
969 2644 1131 2694 commodam
1149 2642 1252 2693 adulter

162 2720 541 2783 posteriusStstyllioFlaceu:
556 2722 688 2783 Diogenen
725 2721 838 2770 instans:
861 2721 908 2780 ἐγὼ
924 2718 1010 2775 enirm,
1027 2719 1122 2783 inquit,
1138 2717 1251 2780 έρνιιὼ,

164 2810 224 2844 vero
244 2796 371 2858 posterius
384 2795 496 2854 Platoni,
516 2796 620 2844 alterins
636 2810 686 2844 nun
724 2794 971 2856 &renumerandis
981 2793 1090 2856 ὂρῤυδῦν,
1105 2793 1251 2854 rbsdrhpiur

163 2871 287 2919 meminit.
310 2870 414 2917 Visetur.
724 2871 850 2930 μιμήσομαι
860 2873 907 2917 τῶν
915 2870 1031 2917 nuber.
1040 2868 1094 2930 παρ’
1104 2868 1250 2927 &risusque

195 2944 294 2990 No.2d.
316 2941 686 3005 dPitcaoeJPitanaslegidu-
724 2946 749 2992 ul
768 2945 863 3006 μητέρες
884 2946 939 3007 apbs
957 2945 1009 2993 rubr
1028 2945 1111 2993 παῖδας
1134 2942 1249 3004 ἔφασκον,

161 3033 197 3066 as.
232 3018 315 3066 Unam
335 3017 360 3064 iu
380 3016 443 3065 Asia
454 3017 621 3080 Pomponius,
634 3021 685 3068 Pii·
725 3019 775 3079 ἐμοὶ
785 3019 809 3066 δὲ
820 3017 1000 3081 παρακελεύεται
1009 3017 1133 3076 edumarii
1147 3017 1250 3079 mm

162 3094 230 3151 rrius,
252 3093 397 3155 Stephanus
421 3098 529 3155 ponunt.
571 3095 687 3145 Alteram
725 3094 985 3158 ταύιηνὴέπιταύιῃ.
1000 3092 1142 3142 eunucha
1152 3091 1250 3151 κάλλος,

163 3169 230 3218 idern
243 3169 342 3218 Plinius
355 3169 423 3217 libro
439 3176 531 3232 quarto
549 3172 617 3221 inter
639 3174 687 3221 La·
725 3171 838 3233 iqduos
858 3171 971 3232 ἀσμένως,
1000 3170 1015 3228 b
1042 3169 1119 3231 τάφον
1139 3171 1249 3230 αἱροῦμαι.

163 3248 266 3297 conicas
278 3246 354 3293 srrbea
366 3252 492 3295 recenset.
515 3245 620 3296 Vinctus.
727 3248 844 3310 Respicit
865 3248 913 3296 lruc
934 3248 967 3297 Ι).
987 3246 1147 3308 Augustinus
1166 3247 1249 3308 Epist.

114 3362 117 3373 .
194 3322 284 3369 5Socs'i
296 3336 391 3382 possm
398 3320 503 3383 feretro]
516 3324 574 3370 Nou
587 3325 687 3385 quosvis
727 3336 851 3372 xxxvrrr.
869 3322 901 3369 ad
922 3323 1033 3370 nesam:
1052 3322 1112 3369 ‘De
1131 3320 1248 3368 lacula-

162 3396 203 3445 lric
222 3398 304 3445 socios
323 3397 453 3457 designari
471 3397 625 3458 existimem,
641 3399 686 3447 sed
726 3398 818 3446 moniis
838 3397 963 3444 matribus
982 3396 1111 3445 memoria
1129 3396 1250 3443 traditum

163 3472 217 3520 τοὺς
236 3472 334 3531 bamur
352 3472 472 3532 mxime,
489 3486 597 3535 qnorum
619 3487 686 3522 curre
726 3483 775 3534 est,
792 3473 858 3536 qnod
879 3472 945 3521 illios
961 3487 1033 3531 suos,
1050 3479 1078 3519 ιιι
1092 3485 1137 3534 pro
1148 3479 1249 3519 terrena

163 3547 210 3595 hoc
234 3554 262 3594 et
284 3547 369 3594 omnia
394 3547 443 3593 alia
469 3546 564 3606 affinia,
589 3549 639 3596 imo
661 3556 688 3597 et
725 3551 809 3612 patria
830 3549 978 3609 sanguinem
1001 3545 1149 3607 funderent,
1170 3546 1249 3593 multo

164 3621 220 3682 ipsa
239 3621 271 3669 ad
292 3622 413 3669 virtutem
424 3622 550 3670 institutio
562 3623 688 3671 incumbe·
726 3627 831 3688 amplius
843 3633 919 3686 atquc
929 3624 1063 3671 ardentius
1075 3624 1100 3671 in
1112 3622 1250 3672 ornamina

164 3696 240 3745 haut:
254 3697 315 3760 quin
325 3706 351 3746 et
361 3699 510 3744 mulctatum
523 3695 609 3745 ferunt
621 3713 689 3746 ania·
726 3700 827 3758 bellice,
843 3713 918 3761 quoru
930 3699 1061 3758 signorum
1072 3698 1172 3745 sonitus
1183 3698 1249 3744 exci-

163 3780 245 3819 turem
269 3787 285 3820 a
306 3772 468 3833 magistratu,
489 3771 556 3834 quud
578 3772 687 3820 amasius
726 3772 835 3821 tabant!

163 3847 219 3908 ejus
231 3847 358 3895 imbellem
377 3847 403 3893 iu
421 3859 509 3907 pugna
528 3860 615 3895 vocem
626 3849 688 3895 emi·
758 3850 857 3899 Now.
875 3845 1064 3908 lSerumoesle]
1074 3846 1162 3894 Serica
1171 3853 1248 3893 reste.

162 3923 246 3971 sisset.
280 3922 364 3970 Testis
378 3920 508 3971 Plutarch.
524 3923 549 3970 in
565 3924 627 3971 Vite
638 3924 686 3987 Ly·
725 3926 839 3987 Pupulus
850 3934 891 3974 est
903 3925 982 3986 Asiae,
998 3925 1040 3986 qui
1053 3922 1164 3970 lanilieio
1176 3923 1249 3969 silva·

161 3998 250 4060 curgi:
268 4005 295 4045 et
314 4005 390 4059 turpe
410 3995 489 4045 fuisse
500 3998 537 4046 ait
548 4000 686 4049 Damasce-
725 4016 779 4049 rum
801 4000 908 4059 nobiles,
936 4002 943 4025 ‘
966 4011 1090 4061 aquarum
1114 3996 1249 4058 aspergine

161 4085 208 4119 nus
229 4076 254 4120 iu
267 4073 405 4134 Excerpris
417 4072 590 4134 Constantini,
606 4077 688 4124 densis
724 4077 852 4125 inundatis
864 4073 1005 4132 frondibus,
1023 4073 1121 4120 vellera
1133 4072 1250 4119 arborum

162 4146 687 4212 summunemupmriunonorwl·
725 4152 878 4199 adminiculo
907 4150 1051 4211 depectunt
1078 4149 1197 4211 liquoris:
1225 4158 1250 4195 ct

161 4226 226 4272 unu:
245 4224 319 4284 plura
339 4223 372 4270 de
392 4225 423 4271 iis
444 4223 556 4272 AElianus
578 4225 622 4276 lib.
643 4241 686 4277 nr.
724 4229 848 4291 lanuginis
872 4234 985 4276 teneram
1013 4224 1185 4272 subtilitatem
1208 4226 1250 4272 hu·

161 4310 219 4358 cap.
233 4311 260 4347 x.
276 4305 304 4345 et
324 4310 375 4346 xrr.
409 4299 553 4362 Xenophon
572 4301 598 4349 in
618 4302 685 4365 Rep.
724 4317 793 4351 mure
818 4303 923 4349 domant
942 4301 973 4348 ad
994 4299 1158 4362 obsequium.
1196 4299 1247 4347 lloc

163 4371 378 4420 Lacedaemonios.
411 4373 565 4423 Plutarchus
576 4377 602 4424 iu
614 4377 685 4426 insti·
724 4378 784 4426 illud
797 4385 836 4425 est
853 4376 980 4433 Sericum,
996 4374 1021 4421 in
1034 4388 1108 4422 urum
1120 4373 1244 4436 publicum

161 4447 224 4495 tutis
238 4448 380 4508 Laconicis,
391 4448 493 4513 aliique.
723 4454 817 4502 damno
828 4451 975 4500 severitatis
986 4451 1142 4497 adinissum:
1161 4457 1244 4508 etque

193 4519 297 4570 Nudo.
322 4528 333 4570 l
356 4524 436 4572 Mater
456 4525 683 4588 lacernu1Plntar·
723 4537 854 4576 ostentare
868 4526 952 4589 potius
965 4536 1084 4584 corpora,
1100 4537 1177 4585 quam
1193 4534 1245 4568 res·

160 4593 222 4642 chus
240 4593 288 4643 hnc
304 4608 421 4647 recenset
438 4600 506 4649 iutcr
517 4603 683 4653 humanum
722 4603 772 4651 tire
789 4605 871 4666 primu
890 4600 1001 4656 seminis,
1017 4611 1084 4647 nunc
1096 4599 1178 4647 ctiam
1189 4597 1250 4646 viris
