2806 5234
449 734 605 784 uusotttt
632 734 916 789 neronururunu.
1166 725 1230 793 tm

139 871 368 924 iuriorreieminae:
385 876 473 939 quuier
489 882 581 926 eontra
600 875 667 924 Peu·
705 889 761 938 nea,
776 877 988 931 etiamtuuualoe.
1021 879 1098 930 liutto
1120 887 1149 931 et
1166 882 1231 932 utus

140 952 229 998 theom
264 948 447 1000 deseribuntur
482 952 509 1001 iu
537 949 669 1001 Theocriti
706 952 790 1003 luuuit
827 960 950 1017 tyrannos
982 956 1017 1006 D.
1046 957 1232 1022 Hieronymus,

141 1023 235 1086 idyliio
257 1025 387 1073 tricesimu
410 1026 496 1087 tertio,
523 1033 551 1075 et
578 1033 668 1075 eontra
706 1044 782 1092 quum
800 1029 866 1078 libro
878 1029 944 1080 uuo.
957 1031 1107 1094 Pelagianoa
1125 1033 1230 1082 Britan-

141 1100 272 1163 Orpheum
288 1099 354 1149 libro
373 1100 510 1152 undecimo
528 1101 668 1151 uteremur·
705 1104 773 1154 niem
793 1100 922 1154 'fertilem
945 1111 1107 1167 tymnorum
1127 1106 1231 1171 protin-

141 1175 254 1238 plioaeou
267 1173 365 1224 Ovidii.
382 1176 456 1226 idam.
706 1176 783 1228 eiam’
794 1179 919 1242 appellat.

171 1249 372 1315 espuptegmu
397 1247 505 1313 autrum]
533 1250 668 1300 Podioernr
738 1253 789 1305 No.
811 1256 867 1304 tit.
900 1257 917 1303 8
943 1252 1041 1302 Nouae
1060 1252 1112 1316 quit
1130 1255 1230 1319 Μαι

141 1325 207 1375 Vide
228 1325 353 1375 Murtiaiiu
375 1326 540 1388 Epigramma
561 1324 669 1374 eentoei·
705 1329 789 1378 Britte
810 1329 879 1394 douo]
905 1329 1003 1378 Omneu
1021 1325 1090 1390 librl,
1106 1334 1231 1394 quotquot

141 1415 208 1450 mum
225 1399 284 1450 libri
300 1399 437 1451 undecimi.
469 1399 536 1448 Sunt
550 1398 668 1463 Sympie·
704 1403 766 1466 vidi,
780 1405 864 1454 Britto
882 1411 906 1455 et
924 1404 992 1454 tum
1010 1403 1169 1453 ltabnerunt=
1185 1405 1231 1454 aed

140 1476 220 1538 gades
230 1474 399 1539 (irrumpitis,
414 1481 443 1525 et
453 1474 591 1539 Apollonio
601 1473 668 1524 libro
704 1479 762 1543 quir
778 1493 827 1529 nou
845 1478 917 1530 videt
933 1483 1082 1540 corruptum
1103 1477 1233 1539 iuuerunt

142 1549 255 1599 secundo
284 1547 489 1612 Argonauticon,
515 1556 542 1600 et
571 1548 667 1600 Ouidio
703 1554 866 1618 maturetur,
882 1561 910 1604 et
925 1552 1082 1603 tententium
1100 1551 1232 1616 ineptam?

141 1624 668 1689 quinctodeolmoitietamorplroteuureo·
705 1628 848 1681 Quirenim
867 1628 1012 1679 Brittonem
1028 1627 1157 1677 hominem
1176 1634 1233 1678 eaeo
1336 1670 1340 1677 .

141 1700 203 1762 puli,
219 1700 367 1751 neuturulre
383 1700 442 1751 dna
461 1715 559 1766 patrm,
576 1714 667 1764 parto·
705 1703 801 1767 neget?
836 1703 982 1768 Betitaqne
998 1715 1104 1752 uenrua:
1124 1700 1234 1764 ostiu,

140 1789 189 1839 que
210 1776 336 1827 distanter
357 1776 451 1840 spatio,
478 1784 568 1827 eontra
590 1776 668 1825 'l'ltru-
705 1783 733 1826 tn
745 1793 772 1826 ea
783 1779 865 1828 bonna
875 1778 975 1839 Brittu,
991 1776 1088 1841 (bonor
1098 1775 1124 1825 ln
1140 1776 1234 1827 maium

141 1849 207 1900 eitun
219 1850 389 1914 Bosphorum,
407 1850 546 1915 uiianndo
561 1850 668 1901 eredita
705 1861 816 1917 partem,
831 1862 861 1905 ut
877 1854 963 1904 nubilo
984 1859 1108 1915 tuortum,
1125 1852 1233 1917 inalguia

140 1923 270 1988 dictuque
280 1939 448 1976 concurrere:
460 1934 487 1975 et
498 1926 557 1977 inde
566 1940 670 1989 nomen,
704 1929 834 1994 monning)
857 1931 973 1995 quumvis
992 1929 1085 1979 diuatia
1107 1941 1165 1977 erue
1181 1940 1234 1978 non

141 2018 157 2051 a
177 2015 206 2050 ue
223 2002 335 2063 invicem
356 2003 538 2068 concutiendo,
560 2003 669 2053 aortltu·
706 2002 892 2066 bonushomo,
916 2012 945 2054 et
967 2004 1053 2054 Brittu
1076 2016 1127 2052 nun
1152 2003 1235 2067 pouit

148 2077 223 2127 lieu.
705 2094 763 2129 eure
774 2079 866 2130 bonne.
887 2081 993 2130 Venetus.

174 2156 208 2201 nu
223 2152 593 2216 AuPtugutoueuoeoejun
608 2158 670 2217 pea-
738 2156 790 2206 Νο.
803 2160 859 2206 tto.
892 2155 991 2213 1Qutu
1000 2159 1037 2205 eu
1045 2152 1150 2217 tearum]
1165 2153 1235 2203 sert·

140 2228 223 2291 pou-et]
234 2228 669 2293 seribendum,praepurut.rteeott.
707 2232 829 2297 tendum,
841 2235 910 2297 prod,
926 2245 975 2281 nou
987 2231 1060 2294 puid:
1076 2229 1233 2295 quandoqui-

174 2303 216 2352 Au
232 2303 441 2368 Ptoguuoeteu]
464 2302 586 2367 tueritne
601 2303 670 2368 opud
707 2310 765 2360 dem
776 2318 837 2372 non,
850 2309 910 2376 quid
923 2309 1026 2360 beatum
1039 2308 1081 2369 tit,
1099 2312 1234 2370 perconta-

140 2375 671 2442 inierou‘Rupidurtlammiaturrentibur
707 2392 765 2445 tnr;
793 2385 838 2435 red
864 2384 933 2450 quod
959 2385 1072 2440 bertum,
1098 2390 1234 2445 eternum,

142 2453 240 2516 amnia,'
263 2455 298 2504 uit
310 2455 435 2520 Virgilius
455 2463 529 2507 reatu
539 2456 670 2506 AEneidoe.
707 2467 783 2524 utque
804 2461 947 2510 immortale
966 2468 1017 2521 eat,
1038 2458 1134 2508 nemini
1155 2471 1234 2521 nego·

93 2582 97 2593 .
146 2528 252 2579 mnum.
708 2536 771 2585 utum
789 2535 922 2597 exutum,
939 2534 1060 2585 utetur.
1093 2531 1235 2596 nonjturu

173 2604 224 2655 No.
237 2609 292 2655 1⁰9.
327 2604 449 2656 iSiluiru
469 2606 521 2670 ille]
539 2605 671 2668 Epigram-
708 2608 734 2660 id
746 2617 832 2660 autern
843 2626 876 2661 ex
887 2611 926 2660 hir
937 2610 1057 2669 maxime,
1072 2606 1237 2672 qumaMar·

142 2680 215 2730 main
227 2681 362 2730 Britonem
374 2695 425 2731 uun
438 2689 479 2731 eut
494 2680 608 2741 unicum,
623 2679 670 2730 red
708 2700 739 2735 co
748 2685 832 2735 Tullio
849 2687 874 2735 in
893 2685 977 2749 primo
996 2683 1030 2732 de
1050 2682 1150 2733 Natura
1167 2681 1236 2731 Deo·

144 2754 279 2819 singularia
289 2756 402 2807 diatielta
417 2771 471 2806 rea.
504 2756 669 2820 Unumquod·
707 2772 762 2810 rum
773 2759 930 2810 dictarunt:
950 2758 1045 2808 ‘Hane
1065 2757 1144 2822 igitur
1159 2754 1234 2805 lrabe-

143 2843 193 2894 qne
206 2831 343 2895 legendum
363 2838 402 2882 eat
419 2832 558 2896 separatim
577 2830 668 2880 eodem
706 2850 771 2898 uum,
789 2842 818 2884 ut
830 2837 903 2885 Deos
923 2833 1012 2883 beator
1033 2839 1061 2883 et
1078 2831 1236 2881 immortalet

143 2908 383 2971 tumultuantem.
411 2908 666 2960 Varieenimeedern
705 2918 833 2974 putemur.
867 2910 932 2963 One
954 2909 1022 2958 enlm
1044 2905 1119 2958 dubit
1142 2914 1236 2957 nature

142 2985 252 3033 materie
267 2985 339 3035 iuuit.
372 2984 607 3048 Cognominabutnr
624 2998 667 3032 au·
704 2984 910 3036 informationem
922 2987 1041 3036 Deorum
1058 2985 1171 3049 ipsorum
1190 2980 1236 3033 tle·

144 3064 198 3107 tem
209 3057 283 3106 Brito
297 3057 455 3105 ieteBonnu.
485 3057 561 3104 Unde
581 3059 672 3114 captat
709 3057 758 3115 dit,
773 3057 1237 3120 eadernlnaeulpaitinmentibuu,ttt

143 3131 254 3196 argutiae
265 3128 495 3194 opportunitatem.
510 3127 627 3187 Souiiger.
711 3140 756 3176 eoa
777 3133 890 3175 retornus
912 3135 939 3176 et
958 3129 1050 3177 beator
1073 3130 1237 3178 haberemur.

177 3204 295 3256 tBritto
312 3201 408 3265 Boura]
422 3201 542 3251 Arbitror
559 3213 616 3248 enm
634 3197 672 3248 Sl·
711 3199 787 3253 Quud
807 3199 829 3248 ri
848 3200 953 3256 iterent,
970 3214 1032 3249 rere
1052 3202 1172 3265 exponite
1192 3203 1238 3253 illu

145 3280 223 3330 donin
246 3278 408 3343 Apollinare,
424 3283 452 3326 et
469 3275 552 3337 Beda,
566 3280 621 3323 tum
640 3286 672 3322 ex
710 3275 840 3326 sententia
850 3282 893 3322 ert
903 3273 936 3323 rb
944 3273 1068 3339 Epicuro,
1076 3275 1152 3329 Quod
1162 3283 1237 3327 mter.

145 3356 194 3405 hoc
215 3354 323 3404 Ausonii
341 3352 544 3417 B'pigrammrte,
559 3347 623 3399 ratio
642 3348 672 3397 il·
710 3365 781 3416 num,
795 3349 951 3413 beatumque
969 3348 1014 3410 ait,
1028 3349 1054 3398 id
1073 3365 1121 3400 uec
1141 3350 1239 3403 habere

147 3446 235 3497 quere,
257 3431 389 3481 Brittones
416 3442 431 3476 a
459 3424 591 3476 Britannia
611 3423 672 3474 nihil
710 3426 793 3489 ipsum
815 3423 917 3488 negocii
939 3423 1085 3488 quiequam,
1100 3441 1149 3477 neo
1165 3425 1239 3477 eatt-
1272 3430 1279 3441 '

146 3504 268 3556 differre:
295 3502 402 3569 proinde
422 3515 474 3552 uon
498 3500 592 3551 leviter
616 3499 673 3548 illua
711 3500 866 3552 betealteri.
898 3498 990 3562 itaque
1002 3513 1085 3564 neque
1096 3501 1143 3562 ira,
1154 3514 1239 3566 nequo

148 3596 244 3642 errare,
263 3581 306 3645 qui
318 3579 449 3630 Brittones
461 3591 506 3628 eur
518 3577 598 3625 rolnm
610 3588 673 3624 nun·
711 3576 794 3637 gretia
807 3574 899 3637 teneri,
915 3573 984 3638 quud
996 3587 1054 3638 que
1065 3574 1127 3624 tolia
1142 3581 1240 3640 eraent,

150 3657 238 3720 cupari
251 3657 348 3712 volunt,
364 3654 445 3720 quiin
456 3653 542 3703 Gellia
555 3650 674 3715 adlige-
710 3647 1047 3700 imbecillaeurentutnuia.'
1080 3648 1137 3698 Neo
1156 3648 1240 3699 multo

148 3730 196 3779 rim
207 3730 331 3781 habitant.
350 3729 456 3779 Vmetur.
709 3724 778 3775 idem
787 3722 913 3788 posthoc
925 3723 981 3788 ipao
989 3723 1063 3786 libro,
1073 3721 1129 3773 iere
1137 3723 1239 3775 eadem·

180 3807 301 3856 Nulli.
336 3805 443 3854 lNemu
461 3803 532 3852 um
541 3800 613 3850 Brito
628 3800 675 3864 eat]
710 3801 804 3865 fitque
823 3800 901 3850 etiam
920 3799 1048 3864 opinionis
1066 3798 1123 3862 ejm
1143 3798 1240 3849 mentio

148 3881 207 3931 Sive
217 3882 297 3932 Siluio
307 3880 366 3930 huie
380 3880 513 3945 privetim,
529 3891 574 3927 reu
591 3876 673 3942 publi·
711 3876 737 3925 in
771 3876 848 3925 tertio
879 3873 1041 3926 Officiomm.
1084 3874 1186 3924 Retulit
1211 3881 1241 3926 et

149 3971 180 4007 ee
191 3954 306 4008 inientue
325 3953 406 4006 inerit
424 3953 563 4016 Aurunim,
575 3953 673 4016 juetam
711 3950 790 4015 rupim
800 3952 866 4000 itane
878 3951 985 4015 Epicuri
996 3951 1063 4014 δόξαν
1075 3950 1195 4000 Lairtim
1211 3956 1239 4000 ot

149 4041 234 4083 tumen
246 4046 362 4083 murram
374 4044 425 4080 non
436 4029 535 4093 habuit,
547 4035 576 4078 nt
586 4042 674 4078 omne·
712 4028 865 4076 Firmiauua.
879 4027 1015 4077 doceretur.

151 4107 253 4157 omniuo
274 4106 414 4157 Britanuua
434 4106 516 4156 melos
536 4118 592 4154 earo
617 4117 674 4170 pru·
746 4100 972 4163 Quodcuteuuu]
990 4101 1083 4150 Cicero
1102 4100 1170 4150 libro
1187 4099 1239 4164 prl-

152 4183 290 4234 unutiaret.
331 4183 450 4248 Magnes,
464 4178 558 4242 fateor,
580 4179 675 4229 irarum
712 4194 753 4230 tuo
764 4179 797 4229 de
809 4179 911 4228 Natura
925 4178 1049 4238 Deorum,
1065 4176 1098 4225 de
1116 4176 1240 4242 Epicure-

152 4273 242 4309 caoraa
253 4259 397 4325 Rutupinus
406 4259 450 4308 ille
459 4259 537 4322 iutro,
546 4258 675 4308 Mentimur
713 4268 786 4304 orum
807 4252 928 4317 dogmate
949 4267 1044 4315 egene:
1070 4252 1138 4303 ‘Ubi
1161 4251 1241 4316 igitar

151 4335 296 4399 Tyrannus,
313 4333 432 4399 prebuit,
447 4334 491 4398 qui
511 4346 527 4382 e
542 4333 676 4382 Britannia
712 4328 776 4379 iilud
788 4334 909 4385 vertrnrn,
925 4328 1034 4376 Beatum
1051 4333 1078 4377 et
1097 4327 1239 4378 oeternum?

150 4411 176 4461 in
189 4409 449 4475 Gelliomtrajieiena,
459 4410 614 4460 Gretionum
623 4409 676 4459 Au·
713 4405 804 4471 quibus
838 4403 936 4453 dueum
971 4402 1055 4451 verbu
1088 4401 1239 4467 significatio

149 4486 215 4537 eunii
235 4485 397 4549 dircipuium,
411 4499 459 4549 per
476 4483 677 4548 Andragathinm
715 4480 819 4548 Deum.)
853 4480 919 4531 Qum
940 4478 1071 4528 sententia
1082 4480 1188 4543 Epicuri
1201 4481 1240 4532 rie

152 4562 280 4625 comitem,
295 4560 355 4611 dolo
366 4560 568 4610 circumventum
583 4559 677 4609 intere·
714 4558 807 4610 Graece
817 4555 897 4606 ltabet
913 4553 980 4621 apud
1000 4555 1141 4620 Diogenem
1160 4557 1239 4608 Lair·

153 4638 209 4690 ruit.
240 4638 309 4692 Hine
317 4637 428 4706 iniquior
439 4635 568 4689 Antonine
584 4635 611 4685 in
625 4647 677 4686 om·
715 4636 792 4686 tium:
816 4631 848 4686 ’rt
864 4630 975 4699 putetur
991 4630 1030 4684 uel
1045 4631 1161 4700 totopw
1185 4632 1240 4682 uun
