2806 5234
502 717 655 766 uusourr
681 719 893 769 ιιιιιιιιιι.
1150 706 1235 774 1005

155 860 254 924 pridem
265 858 389 909 destructo
400 866 528 924 tamquam
545 862 602 910 viro
619 861 676 926 quis
713 862 808 910 ueteris
824 864 1048 924 austeritatem‚et
1060 863 1128 930 quod
1141 865 1233 929 majus,

153 935 278 998 requirat,
296 949 348 997 pre
360 949 436 985 mauu
453 937 565 984 occurrit
580 936 677 995 dicere,
713 935 836 985 Auctoris
867 938 1076 988 consuetudinem
1105 948 1232 989 mutatum

154 1007 237 1057 Abiit.
269 1008 327 1059 ‚lem
343 1019 372 1059 et
389 1010 485 1060 reverti
503 1010 600 1059 debet!
633 1008 676 1060 lts
712 1011 805 1063 soeret.
837 1014 880 1062 Sic
902 1020 930 1062 st
949 1014 1032 1062 Ennio
1050 1028 1149 1065 necnon
1167 1017 1233 1065 Pru·

152 1085 299 1134 lraoverbu
314 1087 494 1150 distinguenda
511 1095 610 1137 certum
629 1096 677 1148 ert,
711 1091 798 1138 deurio
825 1103 870 1140 soa
897 1105 946 1139 vox
973 1090 1115 1140 adserenda
1141 1103 1179 1143 est
1206 1096 1232 1144 iu

152 1174 209 1208 nam
221 1161 272 1215 illa,
283 1161 357 1211 ‘Jsru
367 1170 395 1211 et
405 1163 500 1211 reverti
509 1163 605 1227 debet,’
615 1173 676 1213 suut
710 1166 805 1228 hymno
825 1167 942 1227 Romani,
954 1180 1029 1229 quum
1041 1167 1083 1213 alii
1095 1181 1145 1215 uon
1162 1178 1232 1218 reste

152 1235 185 1283 ab
197 1236 419 1299 argumentatione
428 1238 586 1298 Tertulliani,
600 1253 674 1302 quam
711 1241 842 1302 rejiciunt.
875 1241 963 1289 livius
985 1241 1072 1289 Tereo
1091 1241 1158 1302 opud
1182 1245 1234 1292 Nn·

152 1311 287 1373 perspicue
301 1325 450 1375 cognosces,
459 1314 479 1361 ri
493 1310 521 1362 rb
531 1328 597 1377 ergo,
607 1314 675 1379 qood
712 1316 779 1363 ulum
791 1333 797 1364 :
820 1317 892 1378 ‘Ego
905 1329 1010 1377 puerum
1022 1316 1121 1363 interra
1133 1316 1233 1364 ancilla

152 1385 363 1448 subintelligitur,
378 1387 411 1435 de
424 1396 468 1437 tuo
479 1387 567 1437 addes.
710 1391 815 1440 subdam
829 1394 967 1440 iactantem
980 1405 1053 1449 mere,
1062 1389 1169 1438 nefsme
1178 1405 1234 1453 per·

185 1460 263 1523 otiu]
279 1462 430 1512 Alvouimis
440 1465 532 1525 soluto,
548 1477 605 1512 cum
627 1465 675 1514 Po·
710 1465 794 1514 bitot!
815 1468 927 1515 Serenus
939 1467 1113 1514 Sammonicus
1125 1465 1157 1514 de
1169 1478 1233 1527 prse-

150 1536 238 1599 lypum
259 1538 365 1587 crudum
384 1549 513 1600 rorasset3
534 1539 675 1590 Atlrenoeus
709 1540 803 1588 cordiis
818 1541 952 1590 sanandis:
968 1542 1055 1594 ‘Quin
1072 1544 1150 1590 etium
1163 1550 1235 1590 esttr-

151 1612 169 1660 l.
183 1626 244 1664 vm.
264 1614 387 1678 Dsipuos.
398 1615 517 1666 Ladrtios
529 1617 554 1665 iu
565 1617 620 1680 ejus
630 1618 674 1668 Vi·
710 1615 760 1663 lunt
788 1616 926 1666 lactantum
954 1616 1086 1679 adponere
1113 1616 1232 1666 membris

152 1693 188 1745 ta,
213 1690 303 1751 quiet
324 1691 437 1741 diverses
459 1692 492 1740 de
513 1692 568 1755 ειίιι
590 1701 673 1742 morte
711 1690 855 1740 Convenit!
886 1691 928 1740 lta
944 1691 1235 1754 vulgataesditionsret

152 1765 284 1828 opiniones
295 1764 385 1815 refert.
709 1767 814 1827 optimis
833 1776 903 1815 notar
922 1767 1044 1828 scriptus,
1056 1779 1131 1830 quen
1142 1780 1235 1815 consu·

183 1839 301 1902 diesin]
318 1841 674 1906 Quiuimoipssjustitiaere·
710 1841 753 1889 lui.
786 1841 948 1904 Lampridius
977 1841 1003 1889 ln
1029 1841 1141 1890 Severo:
1168 1841 1234 1890 ‘Sed

151 1913 205 1963 dits
217 1922 264 1964 est.
285 1917 391 1966 Visetur.
705 1916 793 1979 jussit,
813 1932 845 1965 ne
861 1919 917 1981 qrris
929 1919 1082 1967 ruminatum
1094 1917 1237 1981 occideret,

182 1997 197 2038 6
216 1992 337 2054 Erigone]
353 1994 475 2042 Fabulam
495 1993 552 2042 inse
569 2002 673 2045 narrant
710 2006 742 2041 ne
762 1994 818 2056 quis
835 1995 985 2054 laetantem,
1004 2007 1036 2041 ne
1055 1993 1235 2056 quisraccsm,

152 2066 330 2128 Dydyurussd
351 2068 457 2118 Homeri
473 2070 546 2119 liied.
558 2072 673 2130 x,'tset-
709 2070 815 2132 nequis
838 2068 1027 2119 demoliuntur!
1059 2067 1109 2116 Ubi
1133 2068 1235 2115 dumiso

152 2154 194 2188 ses
223 2141 287 2190 Citii.
312 2157 351 2191 ιν.
374 2149 435 2204 1283
467 2145 585 2208 Hyginus
608 2146 672 2195 Feb.
710 2143 975 2207 etlnctousporceilus
994 2143 1043 2192 sibi
1060 2151 1235 2205 opponuntur,

149 2227 236 2264 cxxx.
246 2224 274 2267 et
290 2218 323 2267 de
341 2219 418 2282 signis
435 2221 532 2269 caelest.
544 2221 569 2269 iu
581 2220 674 2270 Arato·
710 2227 738 2265 ut
754 2233 823 2266 oseca
839 2227 867 2267 et
883 2219 1000 2266 ruminata
1011 2217 1130 2278 scrophu-
1157 2216 1234 2279 Apud

151 2291 275 2353 phyiac03
302 2293 363 2342 item
385 2293 517 2357 Ampelius
537 2295 562 2344 in
584 2296 672 2345 libello
711 2294 821 2343 Nouium
833 2296 858 2343 in
871 2295 1004 2343 Cairitur:
1023 2293 1110 2342 ‘Num
1123 2306 1163 2341 me
1182 2292 1235 2341 luc·

151 2368 301 2429 memoriali,
313 2383 327 2417 e
339 2384 390 2433 quo
401 2384 490 2431 peuce,
499 2385 556 2433 quae
569 2385 673 2434 eorrup-
710 2376 767 2418 tans
785 2370 895 2418 calvitur
912 2378 975 2418 atas
984 2368 1003 2418 ι’
1030 2369 1125 2418 Petrus
1138 2368 1169 2416 ds
1182 2369 1234 2417 Na·

150 2447 177 2489 ts
195 2450 264 2502 suut,
280 2443 425 2493 adscribere
440 2445 521 2494 visum
534 2453 582 2506 est,
594 2454 622 2495 ut
635 2461 674 2495 re·
710 2444 804 2513 talibus
820 2446 845 2492 iu
862 2445 988 2506 catologo
1004 2444 1047 2493 SS.
1063 2444 1081 2492 l.
1098 2456 1140 2491 ιιι.
1158 2456 1181 2491 c.
1192 2446 1234 2491 82.

151 2517 305 2568 stituantur:
321 2521 400 2568 ‘Turn
411 2520 488 2569 Liber
498 2519 586 2570 aJove
595 2521 674 2583 petit,
709 2518 781 2568 des.
794 2519 943 2582 Perpetua:
960 2518 1115 2567 ‘Paruulum
1132 2531 1234 2580 quoqne

149 2593 217 2654 qnod
227 2608 273 2641 suo
284 2595 392 2657 imperio
403 2594 554 2656 deficerent,
565 2604 593 2645 ut
605 2597 674 2645 iuter
710 2595 788 2658 ipsius
802 2597 941 2645 lactantem
958 2595 990 2643 sd
1005 2595 1097 2644 cellum
1115 2595 1169 2659 ejus
1178 2593 1233 2656 jec-

149 2663 601 2734 tiderumcursusponereturVirgo.
617 2671 673 2720 ica·
710 2670 826 2719 terserit!

152 2739 204 2788 rius
215 2750 299 2790 autem
312 2743 439 2792 Arcturus
451 2744 509 2793 est!
541 2746 674 2808 Legepo·
741 2745 865 2794 dAEtntis
882 2742 986 2808 meritis]
1003 2743 1180 2793 Albinouanus
1202 2743 1234 2792 ad

149 2820 267 2864 moster.
303 2817 408 2878 Erigone
423 2818 506 2880 Virgo,
519 2818 613 2867 lessius
630 2835 671 2868 ou·
709 2821 822 2870 Liviam:
840 2822 928 2872 ‘Quid
938 2835 1055 2870 numeras
1068 2821 1164 2870 sunus?
1181 2819 1235 2868 ulai

149 2893 196 2937 tem
206 2891 322 2940 Arcturus
332 2906 393 2938 soso.
405 2897 448 2939 est.
709 2896 833 2944 maturior
844 2896 925 2944 suuis.
942 2896 1009 2944 elota
1020 2909 1108 2943 senem
1121 2894 1233 2943 iaciunt:

182 2967 233 3015 No.
255 2971 312 3015 itt).
345 2970 358 3014 l
384 2966 524 3014 Sedsoeaais
548 2965 672 3027 muron]
708 2967 932 3016 hucnumersuda
945 2968 1009 3018 titii!
1035 2971 1132 3020 Noster
1145 2971 1233 3034 Epigr.

149 3039 622 3091 scribendumemembreusveteri:
642 3043 672 3089 lu
710 3055 771 3090 xlx.
802 3044 889 3090 ‘Scire
906 3044 956 3090 avi
972 3045 1103 3101 meritum,
1120 3059 1170 3090 uon
1188 3060 1233 3092 nu·

149 3115 264 3162 tumulum
283 3115 414 3162 ssdeemeis
435 3120 560 3162 matrona:
591 3114 670 3164 ltem:
709 3115 909 3167 merarederet.'
943 3114 1233 3178 SoplroclesAntigous,

152 3191 212 3246 Quis
222 3195 319 3238 mortun
333 3187 673 3252 amarmurmulus
710 3208 747 3242 rs.
761 3197 818 3241 itt.
851 3190 886 3238 od
902 3190 945 3237 τὸν
957 3188 1040 3251 zoom
1058 3188 1233 3251 prpduuorb

149 3267 232 3314 t'rrs'sto
245 3263 353 3314 AEtutis?
371 3265 463 3314 merdis
471 3271 584 3327 seuseu,
601 3270 673 3314 estole
709 3267 785 3331 rippa
812 3268 915 3314 σκοπεῖν.
948 3263 1097 3313 Alexander
1123 3267 1233 3315 moriens

146 3343 233 3406 puello.
265 3342 328 3393 Quis
345 3349 421 3403 nepot
439 3343 567 3405 vulgatam
585 3342 674 3391 lectio·
711 3343 780 3408 apud
799 3341 948 3392 Cirrtisrul.
968 3352 1007 3389 rx.
1025 3353 1100 3388 c.vr.
1117 3340 1232 3391 ‘Verum

150 3434 207 3468 nem
225 3419 408 3484 ineptissimum
426 3419 497 3467 esse?
531 3417 588 3466 Non
601 3417 674 3466 dissi·
711 3433 769 3482 ego,
781 3418 824 3481 qui
836 3429 884 3464 nou
895 3429 973 3463 anuos
990 3428 1069 3475 meos,
1087 3415 1132 3464 sed
1152 3416 1232 3466 victe·

150 3495 261 3556 mulabo,
277 3493 337 3557 quid
348 3501 453 3543 secutus
470 3494 515 3542 sim
529 3494 556 3542 iu
570 3493 614 3542 illo
631 3507 674 3542 ve·
711 3493 762 3541 rias
773 3505 887 3553 numero,
895 3490 916 3537 si
928 3503 1034 3538 munera
1044 3487 1155 3539 fortuna
1166 3491 1232 3542 bene

151 3577 208 3618 tere
218 3570 365 3632 exemplari.
390 3568 674 3630 lneosoriptumerat‚
710 3577 840 3630 computo,
857 3566 900 3614 diu
916 3564 986 3614 vixi!
1013 3566 1232 3628 Etpsuiioente:

150 3645 256 3707 quis-nou
264 3651 355 3692 mosset
367 3645 437 3693 iustu.
453 3645 507 3694 Nos
519 3643 637 3703 fecimus,
647 3644 673 3692 ln
709 3644 782 3706 ‘Ego
789 3657 828 3690 me
837 3643 986 3690 metiornou
995 3640 1178 3703 ututlsspstim
1187 3641 1234 3690 sed

148 3719 202 3769 isto.
210 3718 388 3782 dpxotudsunt,
396 3719 478 3769 ‘istud
487 3720 631 3780 atatis,'‘id
640 3735 673 3768 ιε·
711 3717 818 3779 gloriae!
847 3715 966 3764 leauius
977 3714 1053 3764 Oret.
1064 3727 1093 3763 x.
1103 3715 1129 3763 iu
1140 3729 1231 3764 necem

151 3794 232 3844 tatis!
255 3795 461 3857 Etitapristiuae
480 3796 671 3844 venustatisuae
709 3793 820 3844 loliani:
851 3789 965 3855 Asdrspev
994 3788 1072 3852 ἔτιριι
1092 3788 1233 3851 ληιζόμιθι

150 3871 297 3919 restitutum
307 3879 347 3919 eur
358 3869 530 3933 Epigramma.
553 3869 626 3930 Quis,
636 3869 673 3918 in·
709 3869 765 3933 apis
776 3868 835 3928 ἡμᾶς
846 3868 937 3928 obruis,
945 3866 999 3916 boel
1010 3866 1048 3915 nel
1059 3865 1110 3916 rios
1120 3866 1233 3926 buitim,

150 3946 216 4009 quit,
239 3954 344 3994 accuset
363 3953 479 4002 mortem.
499 3959 556 3994 cnm
575 3946 672 3993 meritis
709 3944 774 3993 md
792 3946 839 3992 πᾶν
850 3947 924 4006 γῆρας
939 3941 1058 3999 βασιλέων
1072 3941 1166 4001 rustinus
1180 3945 1234 3992 ruis

152 4022 632 4085 auussit?qrrisuoueundenocusst
646 4020 672 4068 in
710 4020 813 4083 πράξεσι.
847 4021 1017 4069 Mamertinus
1029 4020 1053 4067 in
1071 4019 1233 4081 Panegyrico

151 4097 196 4145 ills
216 4105 304 4145 tenera
326 4104 415 4157 atate,
439 4111 496 4144 cum
520 4096 671 4144 adolescens
710 4095 906 4146 sidemJuliano
920 4095 1005 4144 dieto:
1021 4094 1232 4157 minorationis,

151 4172 293 4220 moriatur?
310 4172 353 4220 Sic
364 4172 510 4220 Martialis:
527 4172 615 4219 ‘Dum
627 4185 671 4219 nu·
711 4170 836 4233 qrromodo
857 4177 908 4217 tem
925 4170 1005 4217 muita
1020 4175 1071 4217 tum
1084 4168 1156 4216 brevi
1170 4180 1233 4216 rem·

152 4253 234 4295 meret
246 4247 352 4309 palmes,
362 4247 474 4296 eredidit
491 4261 548 4296 erse
568 4246 673 4297 senem!
710 4248 789 4310 pore?
803 4254 923 4296 streete.
944 4244 1008 4293 *Sed
1017 4244 1165 4307 Imperator
1176 4257 1233 4291 uos·

151 4322 268 4381 Scatrger.
630 4352 633 4359 ·
711 4332 753 4371 ter
771 4322 845 4371 addit
862 4321 892 4370 ad
912 4328 1022 4383 tempus,
1033 4319 1102 4383 quod
1114 4320 1168 4368 otio
1185 4333 1232 4367 suo

183 4396 299 4456 slusam
308 4395 673 4461 lurlwilfflieoerlepsrrer·
711 4398 837 4448 detrabit:
856 4397 917 4444 nibil
939 4410 1037 4456 somno,
1059 4395 1119 4443 nihil
1140 4395 1232 4456 opulis,

152 4478 207 4521 tere
229 4486 278 4519 noo
309 4472 391 4521 licuit.
424 4469 491 4520 Aliis
515 4474 581 4522 enim
613 4475 672 4522 iocis
711 4472 771 4521 nibil
790 4473 843 4520 orio
864 4469 965 4519 tribuit.
998 4470 1059 4532 lpse
1079 4484 1105 4518 se
1130 4478 1233 4518 natura·

152 4548 377 4614 plerisquelurtsus
386 4544 505 4599 intactum
515 4559 604 4599 eontra
613 4549 671 4598 libri
711 4545 1239 4609 liumnecessariarumqusrerumusorpao
