2806 5234
454 736 610 785 susurru
635 736 783 786 osseus
808 730 940 790 uanae
1153 731 1238 799 1089

154 875 328 939 Heotsrticiro
359 874 474 927 'insistis
501 877 623 927 ‘amice'
649 884 677 928 et
746 882 777 945 li
798 880 1064 948 Euripiscroeresreto]
1081 887 1238 950 Ertfldorros

154 951 296 1002 ‘inimice’
715 962 850 1016 sugestum
861 953 958 1005 t‘retnm
970 958 1091 1010 Eubmsm
1102 963 1212 1014 tarnim
1220 979 1239 1014 a

189 1031 217 1075 ld
234 1026 268 1076 Et
286 1026 348 1077 latas
368 1043 449 1078 sorren
464 1042 559 1078 serm
575 1029 677 1092 purus]
715 1029 991 1094 Boeotiaabscindeus,
1003 1033 1117 1096 rapidum
1129 1053 1199 1088 murs
1209 1049 1239 1091 et

153 1103 196 1153 Ita
207 1100 265 1166 lege
276 1117 309 1153 ex
321 1110 374 1153 ret.
383 1104 462 1154 libro.
487 1105 555 1153 Nam
565 1106 677 1166 πλατιῖι,
713 1105 903 1167 periculosum:
918 1106 988 1169 qnod
999 1109 1097 1171 septies
1105 1113 1189 1173 spatio
1199 1113 1238 1163 ri·

153 1181 257 1231 Graes.
283 1181 370 1230 steen
388 1180 484 1231 Arium
497 1181 603 1230 Paulum
616 1181 678 1229 aeri-
714 1181 778 1243 giuti
803 1189 913 1245 quatuor
934 1183 1052 1233 horarum
1075 1187 1238 1250 equinoctia·

151 1257 226 1318 bens,
235 1255 402 1321 conqueritur
409 1256 510 1321 plateas
519 1271 610 1306 nomen
620 1270 677 1319 per·
714 1255 775 1303 lium
794 1270 896 1306 cursum
912 1265 1012 1306 mrttara
1035 1260 1130 1308 Strabo
1146 1263 1238 1314 scribit

152 1331 214 1381 ders
225 1338 332 1395 propter
351 1332 462 1396 uolgum,
480 1340 509 1381 ut
524 1332 580 1396 ipse
598 1332 677 1396 loqui·
714 1329 780 1378 libro
800 1344 882 1380 nono:
903 1333 998 1395 septies
1018 1333 1070 1394 die,
1092 1349 1122 1384 ac
1142 1337 1238 1398 septies

154 1415 377 1472 tnr‚congregenr.
394 1407 510 1469 Scaliger.
714 1411 788 1453 nocte
796 1404 954 1468 Pomponius
963 1407 1034 1457 Mela
1041 1409 1107 1458 libro
1115 1412 1238 1474 monade,

186 1485 218 1532 1⁷
235 1483 283 1532 Per
293 1482 437 1546 audiemus
451 1481 516 1530 ariis
524 1481 677 1545 soutariflu·
713 1478 813 1528 alterno
829 1494 904 1529 cursu
915 1479 1034 1531 ductibus
1045 1483 1071 1532 in
1088 1484 1170 1534 ricem
1182 1500 1238 1535 rer-

152 1558 223 1607 uticii
237 1557 385 1620 alaeam11n
401 1557 567 1608 occidentali
584 1557 678 1607 Burdi-
712 1556 757 1618 ris,
774 1557 839 1605 adeo
853 1556 990 1606 immodice
1001 1556 1092 1620 fluere,
1103 1567 1131 1609 ut
1150 1567 1238 1611 rentoa

153 1633 261 1698 gaiensis
279 1633 335 1697 agri
351 1638 434 1697 parte,
449 1630 535 1682 sontes
550 1639 610 1681 sunt
626 1646 677 1682 non
713 1632 1006 1694 etiarn‚aoplenisrelis
1018 1634 1120 1697 navigia
1130 1634 1239 1686 frurtre.

152 1709 245 1772 pauci:
261 1724 294 1758 ex
314 1707 407 1773 quilius
422 1721 488 1773 aqua
504 1722 582 1773 quum
592 1708 625 1757 ad
637 1722 677 1756 nr·
714 1710 764 1752 tur.
785 1705 858 1754 Titus
871 1705 957 1754 Livius
967 1720 1028 1756 uero
1040 1707 1106 1758 libro
1117 1708 1237 1760 vicesimo

151 1783 211 1833 bem
222 1770 354 1845 munit,
364 1783 420 1847 ejus
438 1798 498 1847 pars
515 1797 561 1846 per
572 1781 677 1845 sociam,
713 1784 814 1841 octavo,
831 1779 969 1841 neseptior
985 1779 1085 1844 quidem
1102 1781 1154 1844 die,
1168 1783 1239 1834 sicut

152 1858 292 1908 secondum
310 1872 405 1920 muros,
414 1859 440 1907 iu
453 1858 610 1908 Garumnam
627 1856 678 1906 fer·
712 1851 782 1901 fama
792 1851 855 1914 fert,
867 1855 1024 1916 temporibus
1039 1856 1114 1904 statis
1125 1858 1237 1920 recipro-

152 1941 203 1983 tur.
230 1933 295 1983 Para
306 1936 459 1998 veroipsam
476 1932 560 1985 influit
576 1934 675 1996 urbem,
713 1943 783 1991 care,
806 1928 852 1978 sed
872 1937 968 1978 temere
990 1931 1016 1980 io
1038 1931 1141 1981 modum
1165 1936 1237 1985 venii

151 2008 230 2073 idque
251 2009 349 2058 duobus
371 2010 442 2073 tocie,
463 2010 531 2060 inter
554 2009 676 2074 Episcopi
712 2018 780 2053 nunc
791 2003 850 2065 huc,
861 2019 928 2054 nunc
940 2005 1001 2055 illuc
1013 2021 1087 2056 verso
1099 2009 1235 2072 mari,vel·

152 2083 221 2134 redes
229 2086 415 2150 castellumque
424 2094 595 2150 cognomento
608 2087 677 2148 Fari,
712 2089 742 2131 nt
759 2089 845 2132 moute
864 2084 991 2146 precipiti
1013 2084 1161 2135 devolutum
1186 2095 1237 2138 tor·

152 2158 195 2209 ubi
207 2160 457 2223 Praenominum,
473 2169 501 2211 et
516 2161 675 2226 postadrer·
712 2167 812 2208 rentem
825 2160 889 2222 rapi.
922 2159 1120 2223 Hinc‘Euripi’
1129 2171 1238 2225 propter

151 2248 204 2283 sam
216 2235 353 2285 earundem
373 2235 496 2300 Episcopi
511 2237 604 2286 edium
616 2251 675 2300 par·
712 2233 903 2283 similitudinem
914 2235 1038 2299 quandam
1050 2236 1237 2299 augustiarum,

153 2311 362 2371 temnas-1013
388 2311 497 2360 nomine.
531 2312 594 2360 Exit
618 2311 674 2361 hoee
711 2305 1236 2376 fervoris‚exuudatiouisque‚dictaaqua

150 2386 317 2437 subterraneo
328 2386 392 2450 rivo,
410 2394 437 2436 et
447 2400 495 2449 per
505 2387 637 2448 Cloacam,
649 2387 675 2434 in
711 2381 829 2447 fontium,
840 2382 1008 2435 fluuiorumre
1028 2401 1075 2450 per
1089 2385 1180 2449 fossas,
1196 2388 1238 2438 tir·

153 2460 319 2526 Garumnam,
345 2476 411 2526 pono
440 2463 516 2512 Petri
545 2461 675 2526 Apostoli.
713 2458 990 2522 tulas,tubos,ductae.
1024 2462 1115 2512 Cicero
1128 2463 1154 2511 in
1167 2464 1236 2523 uriu-

151 2536 230 2587 Hunc
248 2539 326 2602 igitur
346 2539 463 2601 intelligo
481 2537 533 2587 dici
557 2536 675 2587 ‘ioutmi
712 2533 783 2597 cipio
799 2535 906 2584 secundi
926 2535 959 2584 de
980 2537 1100 2599 Legibus,
1116 2538 1236 2588 ‘Ductus

150 2608 258 2661 fluminis
273 2610 383 2661 alveum'
400 2626 447 2675 prr
463 2611 574 2661 mediam
591 2611 674 2661 urbis:
713 2623 917 2674 vervecinorum,
931 2611 1048 2675 qnosisti
1064 2613 1136 2662 Nilos
1148 2620 1174 2663 et
1184 2616 1235 2663 En·

152 2687 177 2736 lu
194 2695 315 2752 quotum
333 2688 424 2737 navale
440 2686 675 2750 inisse,sstisindi·
712 2684 782 2746 ripos
811 2685 922 2736 vocant?
952 2685 1061 2749 Plinius,
1087 2688 1234 2751 Suetonius,

151 2769 221 2824 cant,
237 2776 293 2826 qna
312 2762 467 2825 subduntur,
479 2763 487 2791 ‘
498 2763 581 2815 Quem
598 2772 675 2826 pater
711 2762 761 2809 dcc.
778 2761 853 2809 idem.

152 2833 291 2887 Oceanus!
317 2838 397 2900 Cujus
414 2838 510 2887 naualis
526 2839 606 2887 etiarn
622 2852 675 2887 me·
744 2839 776 2884 ii
793 2837 889 2891 Quanto
907 2836 1012 2900 agmine]
1041 2839 1125 2890 Quam
1142 2853 1236 2903 magna

150 2909 266 2959 minicio
284 2910 461 2962 Eucharistico
476 2919 566 2962 auctor
581 2926 675 2975 nnony·
712 2911 798 2974 copia,
820 2913 884 2975 sire,
906 2927 981 2976 quam
1009 2914 1100 2977 rapido
1121 2915 1235 2978 impetu:

150 2985 360 3042 mos,sedtsmen
371 2986 578 3047 Burdigalenris:
596 2988 676 3033 ‘Tan-
713 2986 842 3047 quomodo
864 2988 967 3034 Seruius
989 2989 1116 3050 ‘agmen’
1131 2991 1237 3053 accipit,

151 3054 305 3104 clamantem
316 3063 409 3106 uncto
418 3057 550 3119 longarum
561 3057 612 3106 tine
624 3058 676 3106 ria·
713 3056 814 3118 quaudo
830 3057 893 3105 dicit
912 3060 1034 3119 Virgilius
1053 3063 1134 3121 prirno
1152 3053 1235 3112 Geor-

151 3144 218 3193 rnm,
234 3130 363 3193 diriorum
375 3130 400 3179 iu
412 3131 531 3193 patriam,
548 3132 675 3196 tectisque
713 3131 840 3194 girorum:
866 3131 966 3193 ‘sape
987 3133 1065 3181 etism
1084 3135 1235 3187 immensum

150 3204 275 3257 advectus
300 3205 385 3269 avitis,
408 3206 575 3269 Burdigalam
602 3207 674 3258 veni:
712 3206 1111 3270 cetoveniragmenaquaruu:
1127 3209 1202 3261 ldenr.

151 3283 224 3346 nujus
245 3282 362 3346 speciora
388 3281 521 3333 Garumna
544 3281 676 3331 Manibus
743 3285 774 3330 it
792 3281 1012 3343 Morgiueconteuti
1020 3282 1236 3348 bicameratio

152 3357 252 3407 Ocaam
272 3355 364 3407 retinas
382 3358 458 3408 maris
478 3357 575 3407 invehit
593 3358 675 3407 undas
710 3356 802 3420 mour]
823 3357 943 3419 Morgiuir
953 3358 1053 3418 utenti,
1063 3372 1110 3421 pro
1121 3359 1236 3423 Margine

152 3432 307 3496 linigeram
316 3447 363 3496 per
372 3440 489 3497 portam:
507 3447 565 3497 quas
575 3441 676 3496 portum
710 3433 830 3482 mirati:
844 3440 873 3482 et
887 3446 957 3481 cursu
971 3432 1085 3482 ablativo
1101 3447 1171 3496 caru,
1188 3449 1234 3499 pro

151 3507 291 3569 spatiosum
299 3507 376 3557 Nunc
386 3507 464 3558 otiam
473 3507 551 3556 murlo
558 3508 676 3570 speciosa
710 3522 800 3564 ursus,
811 3507 856 3556 alii
866 3508 962 3571 legunt.
986 3508 994 3535 ‘
1009 3508 1056 3557 Bis
1066 3508 1136 3557 sena'
1147 3517 1235 3562 autem

150 3581 259 3632 includit
278 3583 303 3632 in
322 3582 404 3633 nrbe.'
435 3583 513 3648 Cujus
529 3591 615 3633 tamen
632 3599 676 3634 na·
711 3581 817 3644 ‘ostis‚’
831 3583 929 3646 accipio
949 3582 1085 3633 duodecim
1103 3585 1168 3643 loca,
1186 3599 1235 3648 per

151 3657 214 3706 ralis
230 3658 327 3707 nullum
346 3672 414 3707 nunc
435 3658 583 3721 agnoscitur
600 3659 675 3709 resti·
710 3656 932 3724 quaeaqusrufons
943 3657 1140 3708 illsomittsbat.
1158 3659 1235 3710 lders.

151 3730 219 3795 glum
229 3749 236 3783 ι
247 3732 675 3798 sedalterius,quoamplistanrbs
710 3733 753 3796 [ln
764 3733 841 3782 'rottii
851 3740 913 3783 nota
924 3747 1000 3797 supra
1015 3747 1042 3796 p.
1060 3737 1116 3784 itit.
1131 3748 1178 3797 pro
1192 3749 1234 3783 ex-
1248 3730 1251 3735 '

152 3808 352 3873 Burdigalenses
368 3812 408 3860 usi
422 3818 482 3860 sunt
498 3811 524 3859 in
535 3810 625 3873 Peuga
636 3824 676 3860 su·
711 3813 761 3857 tert
772 3808 830 3871 lege
840 3807 952 3870 retati]

152 3883 280 3949 predicto,
297 3893 372 3936 extra
391 3885 472 3950 ipram
492 3884 597 3935 Ausonii
608 3886 675 3935 Bur·
743 3887 774 3932 iti
794 3883 939 3946 llerldcde]
957 3883 1060 3932 Xerxes
1079 3898 1126 3933 rex
1142 3884 1233 3934 Medo·

151 3957 269 4021 duriam
295 3960 380 4026 Hujus
392 3962 463 4011 clara
478 3968 582 4011 essunt
598 3962 676 4012 resti·
711 3972 768 4008 rum
778 3965 807 4008 et
817 3958 964 4008 Persarum.
989 3960 1123 4012 Jursnalis
1139 3960 1184 4009 lib.
1194 3973 1234 4011 iv.

151 4034 194 4097 gio
208 4049 266 4086 cum
283 4038 342 4100 alia,
355 4044 408 4086 tum
419 4035 479 4087 dass
500 4045 598 4087 turres:
616 4052 674 4102 qun
710 4033 946 4097 ‘Suppositnmqus
965 4034 1027 4083 rotis
1042 4034 1151 4083 solidum
1163 4048 1234 4086 mara

151 4122 184 4157 ex
203 4116 312 4175 utraque
336 4116 412 4173 parto
437 4112 497 4161 ostii
518 4112 572 4175 ejus
591 4111 674 4161 adhue
711 4107 856 4158 credimus:
884 4109 951 4157 altos
979 4108 1114 4158 Deiecisse
1139 4121 1235 4170 amna,

151 4188 230 4245 stant,
250 4185 383 4248 prauitas:
411 4200 443 4234 ex
465 4186 556 4249 quibus
582 4193 675 4236 catena
711 4194 840 4251 epotaque
849 4182 955 4234 flumina
970 4183 1050 4234 Medo
1066 4182 1235 4233 Prandente!

152 4258 277 4321 quondam
289 4261 469 4322 permaclriuas
481 4260 674 4312 traducebatur.
712 4262 788 4311 lderr.

152 4333 230 4382 Nunc
240 4335 337 4382 nullum
348 4336 443 4398 nauigii
454 4351 533 4401 genus
549 4336 674 4400 Burdiga·
743 4340 776 4385 28
792 4336 892 4385 Portare
904 4333 1041 4397 cicurum]
1059 4331 1171 4393 liodorus
1186 4332 1234 4384 flu·

150 4406 201 4456 iarn
219 4407 376 4470 ingreditur:
392 4410 437 4458 sed
449 4412 566 4461 omnibus
578 4417 675 4475 portur,
712 4412 768 4460 rins
779 4411 816 4460 ita
826 4409 910 4459 dulcis
922 4417 971 4465 est,
987 4416 1016 4458 nt
1035 4409 1137 4459 Persici
1151 4423 1236 4473 reges,

151 4488 179 4530 et
197 4484 286 4533 nsrale
305 4483 467 4548 tutissimum,
482 4488 675 4550 impiissimum·
712 4486 833 4552 quamdin
853 4486 922 4534 iutra
942 4483 1058 4535 Persidis
1077 4486 1147 4547 ripas
1169 4483 1236 4547 duit,

151 4572 201 4620 qne
212 4565 252 4608 ert
264 4564 334 4609 totns
344 4557 483 4611 (iuumna.
503 4560 606 4612 Viriatus.
712 4562 772 4613 solis
784 4560 834 4611 sibi
850 4575 883 4610 ex
898 4573 931 4610 eo
947 4561 1040 4623 poonla
1054 4559 1233 4612 vendicarint:
