2850 5256
169 729 256 799 1030
475 755 494 783 ,ι
515 736 624 786 nonus
646 728 848 785 vsnronuu
871 737 912 786 su
955 770 957 774 -

205 883 350 946 rorigeris]
366 882 486 931 Clemens
504 878 696 928 Alexeudriuus
733 888 761 930 et
772 881 881 945 primum
891 896 984 947 equum
996 882 1136 944 munisse,
1153 900 1185 937 se
1200 901 1266 950 pm.

169 964 189 1014 1.
201 976 233 1012 ιι.
249 960 388 1021 Paedsgog·
404 972 428 1005 c.
441 969 469 1005 x.
485 953 612 1013 'homulus
626 952 697 1015 Νι·
733 964 813 1020 eepts
829 958 955 1022 equestris
973 959 1037 1008 sttis
1057 960 1217 1024 pabulum
1232 976 1266 1014 ex

169 1029 698 1095 mdlpxsvrss,slrhdonshnshltm·
734 1046 817 1097 eoque
838 1033 966 1096 Hippinm
996 1036 1167 1097 sppelluturu.
1212 1038 1267 1089 Au·

167 1129 204 1172 μα
213 1105 369 1172 ἐζηλωκότας,
386 1105 535 1168 ἐκλαθόμενοι
543 1108 587 1165 τῆς
597 1104 697 1168 hrlpsrl·
734 1108 884 1158 thuritstem
895 1122 1002 1172 quorum
1012 1109 1142 1176 fidemque
1159 1121 1264 1165 secutus

169 1189 231 1237 rsiss
253 1181 434 1246 ἐχρνσοφόρονν,
462 1181 568 1245 ποδήρεις
597 1184 698 1244 χπΐιναι
733 1184 875 1243 Ausonius,
907 1186 985 1235 etism
1014 1186 1041 1235 in
1077 1188 1263 1253 Monosyllshis

170 1260 308 1320 studueras,
324 1256 642 1321 καὶποδήριιςὴμῐίσχαηο.
658 1255 698 1306 stul
734 1260 815 1309 dixit:
837 1261 846 1289 ‘
865 1261 930 1310 ‘l'uth
952 1260 1027 1310 Jovis
1050 1269 1079 1311 et
1097 1263 1178 1312 Consi
1204 1277 1262 1326 get·

120 1387 124 1398 Ι
169 1336 300 1400 ephesios,
316 1333 330 1382 l
348 1334 466 1395 ipsuum
480 1334 546 1382 loru
561 1331 629 1396 sitos,
645 1332 698 1382 irs·
734 1350 822 1385 munus
835 1342 963 1385 turtureus
974 1335 1041 1391 Dis!
1075 1335 1166 1401 Atque
1183 1339 1261 1388 slihi:

170 1407 589 1473 &feroxpmoimrlpuesm-rlpuv
597 1405 698 1469 mpl—
735 1413 858 1462 ‘cenes
879 1412 1008 1461 convertit
1034 1414 1121 1474 proles
1140 1414 1263 1463 summis

169 1483 537 1547 minim-risurum
547 1483 698 1549 διαιιριααλία
735 1487 851 1538 Consus!
876 1486 1263 1550 Eumnhiqneconsuurnemi.

168 1565 213 1622 ris
229 1563 337 1612 κιναιδίαι
353 1561 528 1623 tremissem.
559 1562 643 1614 Quem
660 1563 698 1612 lo-
733 1575 806 1622 nsus,
821 1576 897 1626 quem
913 1575 1036 1624 equorum
1054 1561 1217 1622 domitorem,
1232 1571 1261 1613 et

168 1653 228 1691 unns
241 1641 338 1689 ideireo
349 1638 533 1703 adduxi,quod
544 1639 605 1687 rnihi
617 1638 696 1688 restis
732 1637 858 1686 murinum
876 1636 975 1700 puriter
988 1636 1156 1699 sgnnscehst.
1170 1638 1260 1687 Arsur-

169 1731 265 1766 nonssn
282 1723 343 1780 post
358 1714 506 1777 ἠμπίσχοντο
517 1714 652 1775 excidisse,
669 1722 696 1764 et
731 1712 790 1762 ss'ss.
979 1722 982 1727 ¹

168 1791 300 1854 interpres
314 1805 365 1839 non
385 1791 447 1839 estis
465 1788 696 1854 perspieueollhr-
765 1784 1139 1847 Pensmsucmswiuem
1151 1793 1179 1836 et
1191 1787 1262 1851 Nep·

168 1864 236 1928 puls
252 1866 412 1929 expressisse
424 1865 568 1916 ridebitur.
583 1864 696 1927 thasos,
732 1863 796 1913 tuni.
830 1862 927 1911 i'shuls
938 1867 1024 1910 sutem
1035 1860 1168 1912 siehshet.
1192 1862 1258 1912 Con·

170 1941 238 1991 unde
250 1941 326 1991 lones
337 1941 369 1990 sh
381 1940 496 1991 Homero
511 1939 695 1990 ὃλιιισιαόπλανα
730 1937 791 1987 ditis
812 1935 930 1993 Athenis,
955 1950 1034 1999 quum
1065 1936 1203 2000 Neptunus
1231 1942 1258 1985 et

170 2017 313 2080 sppellstos
324 2018 370 2077 sit,
379 2023 425 2065 sut
435 2017 518 2067 simile
529 2015 591 2081 quid
603 2016 694 2080 reponi
731 2014 860 2074 Minem,
874 2026 933 2075 qnae
950 2012 1051 2062 Grecis
1069 2011 1166 2073 Pullus,
1180 2011 1214 2061 de
1228 2013 1258 2061 il·

170 2093 277 2155 poterit.
318 2092 404 2143 Qusre
424 2105 486 2141 rero
504 2092 614 2153 Γηγαιῒι
632 2091 696 2142 dieti
729 2090 812 2138 lurum
821 2088 923 2137 nomine
930 2087 1131 2148 contenderent,
1142 2088 1260 2151 ‘plscuit

168 2168 230 2230 siut,
242 2181 318 2219 neruo
328 2166 409 2217 t'errue
420 2167 537 2230 ignom,
553 2174 582 2218 et
599 2167 619 2216 si
639 2167 695 2232 quis
730 2167 798 2226 Diis,
815 2175 845 2216 nt
855 2166 912 2229 ejns
923 2166 1026 2215 nornine
1041 2165 1131 2215 eiritss
1144 2165 1259 2228 sppelts-

169 2244 278 2304 ussulst,
299 2244 457 2294 Scholisstes
485 2245 553 2294 iuter
584 2250 694 2294 eeteros
730 2249 813 2303 retur,
829 2241 874 2305 qni
891 2255 983 2289 munus
1001 2241 1093 2290 melius
1109 2242 1259 2291 mortalibus

169 2319 345 2382 Lycophronis
359 2318 473 2380 docebit,
491 2318 535 2382 qui
552 2319 633 2368 surius
650 2319 695 2367 hu·
730 2317 876 2367 obtulisset.
908 2317 982 2367 Tune
993 2317 1142 2379 Neptunus,
1152 2331 1260 2380 pereus-

165 2393 210 2456 jus
219 2394 376 2457 cognominis
386 2395 497 2443 rstiones
508 2392 603 2442 sdfert.
629 2393 695 2442 Inde
731 2406 759 2441 so
771 2393 868 2452 littore,
884 2405 989 2454 equum,
1005 2392 1100 2440 suisssl
1120 2390 1258 2454 hellirnp·

169 2475 198 2518 et
212 2470 292 2530 Δῆμαι
308 2468 432 2523 Ἀθηναίων
447 2467 586 2531 παλαίχθων
600 2468 695 2518 dicitnr
730 2468 943 2530 snm,prudnxit:
955 2467 1084 2529 Minerva,
1094 2468 1169 2530 jecto
1177 2467 1260 2530 hosts,

168 2543 196 2593 ln
215 2545 415 2608 Epigrsmmste,
431 2544 499 2608 quod
511 2545 601 2594 honori
612 2544 694 2593 Thrs-
730 2544 822 2592 ulirsrn
833 2543 950 2593 cressit:
967 2558 1027 2608 qum
1046 2558 1089 2593 res
1105 2554 1146 2594 est
1166 2545 1259 2595 melior

168 2619 251 2682 ryhnll
272 2620 305 2669 eh
323 2619 524 2670 Atheniensibus
542 2620 693 2681 inscriptum
730 2618 909 2680 comprohsts,
926 2626 955 2668 nt
974 2619 1045 2683 pseis
1064 2618 1182 2683 insigne!
1215 2620 1260 2669 ltu

167 2693 299 2745 AEschines
321 2696 385 2744 citst
406 2694 481 2743 Oret.
499 2693 523 2742 ln
534 2694 693 2756 Ctesiphon·
728 2690 832 2740 Servius
844 2693 869 2740 in
881 2692 972 2741 lihrnns
982 2693 1092 2755 primurn
1099 2693 1258 2756 Georgicon.

167 2776 229 2818 teni.
266 2772 296 2817 Et
310 2770 447 2819 Pruxlthes
462 2769 531 2832 upud
545 2770 692 2832 Euripidem
730 2768 848 2830 Hyginus
870 2768 946 2830 psnlo
968 2768 1052 2828 ulter,
1078 2775 1107 2816 et
1134 2769 1257 2818 Aurelius

166 2843 278 2892 libenter
289 2859 344 2893 sere
361 2844 440 2892 filium
459 2859 505 2907 pro
520 2846 603 2894 salute
615 2844 693 2894 Urbis
730 2844 886 2907 Augustinus
898 2843 1090 2892 octavodecimo
1101 2843 1133 2890 de
1143 2843 1256 2891 Ciuitate

102 2967 105 2973 ,
166 2917 347 2965 immolandam
359 2919 482 2966 exhibere
495 2918 566 2981 dicit,
583 2919 620 2967 irs
633 2924 692 2980 πρῶ-
729 2920 790 2969 Dei.
824 2916 1252 2978 Allinervstnquedtcraehsns·

164 2988 628 3046 ‹sptnsmosntrnrmmsere
636 2997 691 3046 βελ·
727 3008 777 3044 nsi.
818 2995 919 3042 Olivam
941 3000 1026 3040 sutem
1048 2989 1128 3039 inisse
1150 3005 1255 3041 sucrum

164 3063 303 3119 τίαλαβεῖιι·
315 3061 691 3126 Ἧιπρῶταμὶνλεὼιούκὲπαιι-
727 3070 863 3127 Minervae,
879 3077 906 3117 et
925 3068 1032 3130 primurn
1054 3068 1132 3114 risum
1153 3065 1188 3114 uh
1206 3068 1255 3116 At-

164 3140 206 3190 τὸς
218 3139 328 3202 ἄλλοθεν,
338 3141 482 3202 strepuere
493 3142 513 3189 δ’
526 3140 618 3203 ἔφυμεν.
728 3144 807 3205 thide,
820 3144 979 3200 Herodotus,
994 3143 1105 3201 Plinius,
1125 3143 1256 3206 Hyginus,

197 3222 213 3264 2
229 3219 343 3265 Pallados
361 3224 386 3266 et
404 3218 482 3280 Cossi]
500 3219 621 3269 Nonnulli
642 3221 690 3270 Co-
727 3235 757 3269 sc
768 3222 811 3270 elii
824 3220 898 3269 multi
911 3219 1022 3268 tradunt.
1043 3219 1152 3267 Vinctus.

166 3291 245 3352 dices,
261 3293 391 3354 insigniori
413 3294 512 3342 mendae
532 3294 626 3356 indole,
647 3295 691 3345 hs·
757 3296 875 3346 Milies
890 3293 1018 3355 jucunda]
1043 3294 1118 3342 inter
1140 3294 1254 3356 reliquos

165 3366 238 3427 bent,
255 3367 331 3416 Cossi.
363 3369 453 3417 Seriho
467 3369 555 3418 Consi:
571 3369 621 3419 hoc
640 3380 690 3432 est,
726 3372 836 3420 Graeciae
849 3371 965 3433 pupulus,
974 3368 1104 3427 iucundis,
1116 3368 1254 3431 leposqni-

166 3443 293 3505 Neptuni.
328 3444 397 3491 Nutu
409 3453 450 3493 est
462 3446 578 3507 Neptuni
592 3461 622 3496 uc
641 3449 689 3496 Mi·
725 3447 794 3506 darn,
805 3454 833 3495 et
842 3446 971 3495 festivitas
981 3446 1052 3507 qnasi
1065 3445 1251 3503 rernscnls,sc

165 3521 569 3578 nervoeconteutiu,ntereorum
582 3522 689 3572 Athenis
725 3522 862 3586 peculiaris
882 3523 957 3568 ndest
974 3520 1078 3568 Atticis.
1110 3520 1140 3568 ln
1160 3519 1252 3569 Attice

164 3593 314 3656 imponendi
345 3596 454 3643 nominis
484 3598 575 3646 suthon
607 3598 690 3647 fieret.
725 3605 810 3645 sutem
838 3611 883 3644 sen
906 3594 1015 3643 Atthide
1043 3604 1105 3645 sunt
1131 3596 1253 3645 Athene.

163 3669 227 3716 'l'um
248 3670 369 3731 Consum,
396 3672 469 3733 cujus
491 3674 543 3722 sint
570 3675 688 3723 solennes
724 3673 791 3721 Vide
803 3673 828 3721 in
841 3671 937 3721 Erasini
947 3671 1253 3733 Chilisdihusprurerhis

163 3743 220 3792 ludi
239 3744 420 3807 Hippocratis,
436 3749 528 3796 uostris
545 3763 605 3798 vero
623 3751 688 3799 Con·
724 3750 842 3799 ‘Atticus
853 3746 942 3810 lepos,’
960 3746 1068 3794 ‘Attiou
1086 3746 1252 3809 eloquentis:

163 3820 245 3868 susliu
267 3821 361 3881 uocati,
383 3822 542 3871 consiliorum
560 3826 688 3875 exstitisse
724 3825 832 3873 ‘Attiou
843 3822 936 3871 Mussl
954 3822 1030 3871 luen.

165 3893 262 3955 Deum,
285 3896 424 3959 Pompeius
446 3897 598 3962 Serriusqne
620 3916 687 3950 esse·
754 3906 770 3948 ὁ
790 3901 857 3948 Unde
874 3912 916 3961 per·
938 3898 1012 3946 luniso
1030 3897 1137 3960 populos]
1157 3898 1204 3947 lun
1221 3907 1250 3949 et

162 3979 242 4021 runt:
266 3978 294 4019 et
316 3971 423 4020 eundem
443 3985 498 4020 esse
516 3988 573 4022 curn
590 3977 688 4038 Eques·
724 3975 843 4034 Atheus,
865 3989 880 4021 u
901 3973 992 4037 quibus
1011 3972 1088 4021 lones
1110 3981 1138 4022 et
1158 3974 1249 4022 Aehaei

164 4049 207 4110 tri,
224 4048 276 4096 sire
290 4048 385 4111 Equite
398 4049 528 4110 Neptuno,
547 4051 632 4111 plures
648 4067 687 4100 ar·
723 4050 809 4113 populi
821 4049 894 4105 dieti,
905 4057 932 4095 et
944 4046 1002 4095 inde
1013 4047 1088 4095 louis
1104 4054 1133 4095 et
1151 4048 1250 4096 Achsis

163 4124 300 4172 bitrsntur.
335 4123 416 4170 Fuere
436 4131 567 4174 anteisset
587 4128 629 4188 qni
648 4128 686 4176 di·
723 4125 848 4187 regiones,
857 4121 1107 4185 petremhnbuerunt
1117 4123 1248 4171 Xuthum:

162 4213 264 4250 versum
286 4199 351 4247 hinne
379 4199 530 4260 Equestrem
553 4214 567 4247 u
588 4202 686 4251 murino
722 4206 838 4258 matrem,
850 4211 925 4245 nuens
937 4211 969 4245 ex
985 4195 1087 4245 filiabus
1098 4197 1249 4257 Erechthei,

162 4275 236 4328 Jnris
254 4273 334 4322 fratre
353 4273 476 4334 suspicari
489 4288 539 4321 non
551 4274 684 4324 desierint.
721 4274 789 4331 renis
802 4273 968 4320 Athenarum.
1003 4272 1061 4321 Quo
1074 4280 1150 4333 pecto
1160 4284 1248 4322 sutem

161 4350 213 4399 Sed
223 4350 349 4398 Diodorus
359 4349 426 4396 inter
436 4356 533 4398 csetern
545 4358 684 4411 asseveret,
721 4350 796 4399 lones
808 4356 835 4397 et
847 4347 937 4396 Achaei
953 4346 1058 4395 colonie
1075 4348 1127 4396 sint
1139 4345 1247 4396 Atheni·

162 4426 313 4487 Neptunum
326 4424 433 4486 primum
446 4439 486 4485 eu,
503 4439 559 4486 quoe
570 4425 601 4473 nd
614 4427 685 4474 nuvi-
720 4424 828 4483 ensium,
839 4437 901 4486 quus
918 4421 1014 4469 insulas
1032 4423 1194 4483 nccsrpuriut,
1206 4435 1246 4470 rir-

162 4500 271 4561 gsndum
292 4500 430 4561 pertinent,
447 4500 583 4561 invenisse,
603 4517 618 4549 u
640 4504 684 4551 Sa·
720 4499 816 4562 besque
837 4496 1009 4554 condiderint,
1031 4497 1164 4544 docebunt
1184 4511 1241 4546 cum

161 4579 236 4623 turno
258 4573 398 4635 hujusmodi
421 4574 496 4624 rebus
515 4575 683 4638 praesertum:
721 4573 879 4633 Herodotus,
889 4579 916 4621 et
924 4571 1102 4634 Marcellinus,
1115 4572 1244 4621 tumStrs·
