2806 5234
672 25 675 32 ι

10 9 1040 387 a

531 793 582 839 nn
607 791 816 841 rusosrurr.
1154 780 1220 848 877

121 937 235 1002 Credo
251 935 420 1018 equidem,
436 940 471 999 et
484 943 635 1000 metuens
650 935 760 999 studio
775 944 973 1018 properante
985 938 1113 1018 laboro,

123 1038 163 1101 Si
180 1057 247 1121 qua
261 1036 373 1111 datur,
385 1054 428 1098 ne
445 1041 549 1099 morte
566 1037 657 1118 prius
671 1055 771 1117 quam
787 1037 923 1100 crimine
939 1038 1060 1103 solvar.

169 1136 285 1223 Hujus
299 1139 334 1200 in
348 1134 530 1200 adrentum
543 1134 682 1217 trepidis
697 1137 776 1200 mihi
792 1137 928 1201 credula
942 1139 1035 1203 fibris

126 1237 239 1304 Corda
253 1245 404 1313 tremunt,
420 1237 584 1319 gestitque
598 1236 766 1314 auima,id
776 1238 850 1322 jam
864 1248 966 1303 cauta
978 1241 1090 1317 futuri,
1154 1243 1219 1310 306

123 1341 352 1406 Praemetuens
368 1357 409 1402 ne
424 1339 539 1401 vincta
553 1337 652 1419 aegris
667 1357 728 1419 pro
741 1359 879 1421 corpore
892 1343 993 1418 curis,

123 1440 403 1522 Ponderibnsque
417 1439 528 1522 gravis
540 1458 659 1515 rerum,
677 1441 707 1503 si
721 1439 804 1505 sorte
819 1461 939 1506 recuso

125 1542 310 1625 lncrcpitet
324 1541 406 1605 tuba
422 1548 519 1605 vasta
532 1541 623 1621 polo,
638 1559 704 1604 nou
718 1541 829 1623 possit
844 1542 877 1605 in
890 1561 990 1606 auras

125 1643 231 1725 Regis
244 1641 289 1705 ad
304 1660 479 1705 occursum
494 1640 626 1705 levibus
642 1660 679 1705 se
694 1642 806 1706 tollere
821 1645 949 1726 pennis,

125 1743 217 1808 luter
230 1742 360 1807 honora
373 1742 492 1806 volans
506 1741 707 1805 Sanctorum
720 1743 825 1807 millia
841 1745 940 1823 coelo,
1153 1747 1219 1813 310

126 1843 196 1923 Qui
211 1862 272 1927 per
285 1843 383 1906 inane
396 1842 498 1916 leves,
510 1862 616 1925 neque
630 1843 743 1906 mundi
759 1845 920 1928 compede
936 1847 1069 1911 vinctos

124 1943 240 2008 Ardua
255 1943 291 2007 in
305 1949 397 2006 astra
410 1942 515 2026 pedes
532 1943 625 2008 facili
640 1944 809 2007 molimine
824 1946 961 2025 tolleut;

126 2044 170 2109 Et
184 2044 308 2109 teneris
322 2045 409 2108 vecti
424 2063 485 2126 per
498 2043 610 2108 sidera
623 2044 771 2109 nubibus
786 2045 889 2122 ibunt,

126 2143 305 2212 Coelestem
319 2152 359 2209 ut
374 2145 483 2210 medio
498 2153 690 2210 venerentur
704 2147 737 2210 in
751 2147 881 2229 agmine
896 2166 1018 2229 regem,

126 2244 293 2330 claraque
310 2246 447 2310 adorato
463 2247 667 2330 conjungant
682 2248 815 2331 agmina
829 2248 975 2314 Christo.
1153 2252 1219 2317 315

168 2347 238 2412 Hic
253 2355 362 2412 metus
377 2356 439 2424 est,
453 2349 548 2414 labor
561 2351 635 2427 iste,
649 2350 721 2414 dies
734 2370 777 2414 ne
791 2370 843 2415 me
857 2351 993 2417 ultimus
1008 2352 1088 2416 atris

127 2450 282 2535 Sopitum
298 2451 443 2514 tenebris
457 2450 561 2515 sterili
575 2449 758 2534 deprendat
773 2452 806 2515 in
821 2456 912 2529 actu,

123 2551 290 2637 Tempora
303 2553 366 2615 sub
382 2551 501 2617 vacuis
513 2551 686 2618 ducentem
702 2553 831 2636 perdita
846 2553 946 2617 curis.

128 2651 162 2716 N
165 2671 219 2716 am
234 2651 315 2734 qnid
328 2654 451 2735 agami
473 2653 578 2716 lentis
594 2652 624 2716 si
640 2652 719 2717 dum
735 2653 897 2717 conniveo
911 2653 1010 2730 votis,

126 2753 280 2817 Christus
294 2755 337 2817 ab
352 2754 491 2819 aetheria
506 2754 587 2818 mihi
601 2755 755 2839 proditus
772 2775 847 2820 arce
862 2761 1024 2833 coruscet,
1153 2755 1220 2821 3⁰20

127 2855 173 2920 Et
187 2857 304 2920 subitis
320 2857 458 2920 Domini
474 2857 563 2921 coelo
576 2857 742 2921 venientis
758 2861 874 2939 aperto

127 2958 343 3024 Praestrictns
357 2958 471 3036 radiis,
486 2959 628 3023 obscura
642 2965 677 3024 et
691 2959 799 3023 tristia
813 2960 919 3024 noctis

125 3058 281 3139 Suffugia
296 3059 390 3127 illato
403 3059 561 3124 confusus
575 3060 699 3125 lumine
712 3080 858 3143 quaeram
870 3062 885 3122 i

171 3157 274 3236 Quod
289 3159 422 3224 mihine
434 3168 563 3245 pareret
575 3161 629 3224 vel
640 3159 825 3226 diffidentia
838 3158 918 3234 veri,

126 3260 195 3324 Vel
209 3261 387 3344 praesentis
401 3282 492 3326 arnor
507 3262 599 3338 vitae,
612 3280 785 3344 rerumque
801 3259 969 3341 voluptas,
1154 3257 1220 3323 323

126 3361 329 3426 Curatumve
344 3362 452 3440 labor,
466 3363 595 3448 placuit
609 3370 808 3446 praevertere
823 3378 922 3424 casus

126 3459 319 3544 Proposito,
336 3470 371 3527 et
385 3483 483 3528 curas
498 3464 591 3528 finire
605 3465 781 3548 superstite
796 3464 883 3553 vitaj

127 3561 392 3645 Commissisque
406 3564 482 3628 Deo
496 3571 631 3629 ventura
646 3566 680 3628 in
697 3564 823 3628 saecula
839 3562 951 3636 rebus,

128 3661 321 3745 Expectare
336 3671 464 3730 trucem
478 3686 596 3730 securo
612 3672 746 3749 pectore
759 3670 907 3728 mortem.

127 3763 166 3826 Si
180 3764 291 3847 placet
303 3766 378 3844 hoc,
391 3775 520 3847 gratare
537 3769 587 3830 tni
600 3785 661 3849 spe
674 3766 778 3829 divite
793 3765 911 3829 amici:
1155 3760 1220 3828 330

127 3862 165 3927 Si
181 3871 293 3930 contra
307 3872 369 3944 est,
384 3866 517 3932 Christo
532 3872 658 3931 tautum
673 3886 725 3931 me
740 3867 855 3949 linque
868 3863 1012 3949 probari.

171 4032 234 4110 Ea,
250 4054 318 4119 qua
337 4037 493 4102 secundae
508 4037 649 4102 Ausonii
664 4035 827 4119 Epistolae
847 4033 1028 4116 respondet
1044 4032 1219 4109 Paulinus,

123 4134 213 4197 inter
226 4134 375 4217 ejusdem
391 4136 550 4219 po'emata
564 4138 707 4202 occurrit
722 4130 907 4198 undecima.

622 4328 728 4379 NOTAE

155 4444 206 4490 808
229 4440 358 4504 Imepitet
378 4441 446 4504 tuba]
474 4444 514 4491 Ex
535 4441 655 4490 Matrnaei
695 4441 818 4490 communi.
852 4438 929 4487 Unde
949 4452 998 4488 nou
1015 4438 1093 4488 miror
1112 4437 1168 4487 brec
1190 4435 1222 4485 ab

123 4517 275 4580 Evangelio.
286 4578 291 4583 Ι
696 4532 727 4565 eo
738 4530 789 4565 nou
801 4517 948 4565 intellecta:
965 4514 1089 4580 siquidem
1100 4529 1131 4564 ει
1143 4514 1222 4564 tectio

155 4594 206 4641 828
230 4591 379 4656 Coum]
409 4594 527 4656 Legebat
546 4593 655 4643 Vinctus
696 4589 1004 4643 unltnmafficitseusaur.
