2850 5256
258 784 322 850 978
599 792 708 842 uorat
731 790 931 841 vantouuu
956 791 996 839 tu

259 952 386 1005 tamquam
397 935 477 1001 spurii
488 935 644 999 ejicientur?
820 932 844 982 vi
865 947 957 982 nomeu
973 931 1083 982 inditum
1101 933 1239 984 somniant.
1271 936 1344 985 Ceto·

289 1024 321 1070 40
345 1015 487 1075 Platonico]
518 1011 688 1075 subintellige
715 1009 780 1061 urbi.
818 1022 874 1057 rum
891 1007 960 1072 quud
982 1007 1085 1072 quidam
1106 1009 1279 1059 Grammatlci
1298 1026 1345 1063 uoa

257 1094 354 1146 Eodem
365 1086 627 1140 morlu‘Pictarlcae.’
659 1087 780 1137 Siccuim
819 1084 855 1133 ita
866 1084 961 1134 dudum
979 1084 1156 1146 trudielerunt,
1171 1085 1346 1148 syllabamae·

256 1176 280 1223 iu
292 1167 509 1236 Epigrammatis:
527 1165 637 1229 ‘Imago
647 1162 706 1214 Rufi
714 1163 780 1214 Rba-
818 1158 928 1208 cundum
940 1160 965 1206 iu
978 1160 1102 1209 Pictones
1110 1174 1214 1222 semper
1223 1161 1345 1224 producis

254 1249 318 1299 toris
330 1242 489 1296 pictavien!
522 1241 581 1291 Hoc
592 1247 642 1302 est,
653 1239 780 1300 civitatiaq
818 1231 873 1284 cau
885 1235 911 1283 iu
923 1235 1025 1285 Ortacia
1040 1235 1232 1298 exemplaribus
1242 1251 1290 1299 ego
1302 1250 1347 1287 au·

254 1320 469 1374 erraterilibro.
486 1314 780 1380 Ambitio,iuquit.aba·
817 1310 923 1374 cipiteru
950 1309 1070 1373 reperio:
1098 1325 1175 1375 quam
1202 1311 1345 1376 corripiunt

255 1401 316 1452 tulit
334 1414 392 1449 eum
409 1412 463 1447 auae
481 1395 628 1459 Burdigala
638 1395 740 1457 origini,
751 1401 778 1443 et
818 1393 916 1436 linium
935 1385 1065 1436 A¹¹¹⁰¹¹l¹1¹
1086 1393 1114 1436 θῐ
1140 1386 1276 1448 P¹¹¹¹l¹¹⁰⁸2
1297 1401 1344 1439 ¹¹0⁰

254 1474 328 1525 dedit
345 1472 488 1523 Pictonicua
505 1470 614 1521 clritati.
646 1469 780 1518 Subdititii
816 1461 937 1525 producit
958 1461 1113 1512 Claudianus
1131 1460 1266 1526 inquarto
1281 1464 1343 1514 cu-

254 1558 329 1603 erant
356 1549 514 1601 correctoris
539 1546 714 1611 Lugdunensis
741 1546 779 1595 illl
816 1539 928 1588 ninello
944 1540 1086 1589 Consulatu
1106 1538 1228 1602 Honorii,
1246 1541 1289 1590 ubi
1306 1543 1343 1592 ic·

253 1647 359 1682 vennae
391 1632 421 1679 Et
447 1642 548 1678 memora
571 1631 663 1675 trauan
692 1625 779 1674 aniu
815 1615 1343 1679 qeudnmuouPictonnrrr,aedPietm,·

256 1706 450 1757 Gruumutienm.
483 1702 552 1751 Item
580 1700 634 1763 ille,
657 1700 779 1763 Quumque
815 1691 943 1742 ‘Incaluit
958 1692 1091 1742 Pictorum
1108 1693 1234 1757 sanguiue
1244 1693 1342 1745 'iltuto’

253 1784 334 1833 lubuit
355 1782 435 1831 stiam.
468 1777 537 1830 Quiri
554 1776 719 1837 commiserit,
730 1776 778 1825 tlbl
813 1766 926 1833 ,Vltima

253 1857 380 1908 indicavi:
399 1862 427 1905 tu
439 1853 472 1903 (la
482 1854 537 1916 ejus
546 1850 607 1913 lide,
617 1860 644 1900 et
655 1851 777 1914 religione
841 1843 989 1907 ‘Piclm'td
1006 1844 1050 1895 Sic
1061 1846 1086 1894 in
1098 1846 1164 1896 Mil·
1173 1846 1245 1896 libffl
1256 1847 1340 1898 0⁸³⁰·

252 1932 376 1996 cogitato.
409 1932 465 1980 Noa
477 1929 569 1979 merito
580 1942 624 1977 cos
636 1926 777 1977 malutidei
814 1938 874 1973 uum
897 1924 999 1973 Ecclen
1025 1922 1156 1975 Africana
1181 1926 1263 1986 legas:
1287 1928 1339 1981 ‘m

253 2020 414 2072 possessores
424 2006 575 2069 deJecimua.
595 1997 712 2064 Scaliger.
814 2015 864 2050 nou
875 2001 955 2049 aulum
965 2002 996 2049 ud
1009 2001 1093 2065 ipsum
1107 2011 1226 2051 sanetum
1233 2002 1338 2053 tratrem

285 2081 460 2146 Pictonierque]
479 2082 537 2131 lloc
548 2079 777 2143 quomodocunque
813 2084 930 2127 nostrum
947 2079 1262 2142 Constantinopolitauum
1279 2083 1340 2146 Papi·

253 2158 408 2219 emendem
424 2154 578 2207 Pictonibus
596 2155 776 2204 ‘Pictonicmu
813 2168 927 2217 scopum,
948 2155 1086 2205 sedetiam
1109 2155 1292 2207 Alexandrian
1313 2167 1340 2208 et

251 2232 322 2281 litua'
333 2233 400 2282 dixit
409 2231 478 2280 idem
488 2228 616 2280 Ausonius
627 2229 652 2278 in
661 2228 777 2291 Epistola
813 2229 984 2279 Antiocbeuoe
996 2233 1158 2281 uenerabiles
1166 2233 1316 2284 sacerdotes
1325 2235 1342 2284 ι’

252 2307 284 2356 ad
305 2308 412 2356 Paulum
431 2307 464 2355 dc
482 2305 607 2355 nobilibus
624 2305 732 2354 ostreiar
748 2311 776 2355 et
813 2319 920 2369 proquo
937 2306 962 2354 in
981 2306 1053 2358 Edit.
1071 2309 1175 2360 Justelli
1194 2309 1340 2360 Aieuuadri·

250 2383 403 2432 ‘Pictonlca
413 2381 482 2432 arra'
492 2381 649 2432 Paulinusiu
659 2381 776 2443 Epistola
811 2395 867 2429 asra
887 2385 911 2429 et
928 2381 1101 2434 subeam
1120 2385 1225 2448 legitur,
1242 2393 1271 2435 ut
1288 2400 1338 2452 ego

251 2458 283 2508 acl
296 2457 446 2519 Ausonium,
456 2459 464 2486 ‘
473 2456 589 2507 Deiota!
612 2456 678 2506 Sunt
689 2463 775 2508 sutem
813 2457 935 2519 arbitror,
947 2473 997 2508 non
1010 2466 1091 2511 recte.

250 2533 383 2596 Pictones,
392 2548 465 2596 gena,
476 2547 545 2582 nuuc
556 2533 694 2582 Poiteuiua:
713 2542 797 2596 ager.
843 2538 875 2583 47
892 2535 1000 2584 tumbas
1016 2537 1159 2602 implendis]
1189 2537 1338 2602 Scripserat

249 2617 278 2661 at
290 2609 430 2673 provincia,
446 2609 544 2670 Poiton,
556 2607 685 2658 inGalliae
695 2608 775 2658 Celti·
811 2606 897 2658 fomau
917 2610 1018 2660 Auctor
1033 2613 1179 2676 implacidus,
1196 2621 1225 2662 ut
1241 2628 1336 2678 suprar

249 2697 288 2732 cae
312 2691 398 2747 parte,
429 2698 503 2747 quam
534 2681 665 2744 Augustus
687 2683 775 2733 Cnsar
812 2684 931 2735 ‘Salibua
952 2687 1082 2738 modestus
1103 2689 1172 2738 nullo
1196 2687 1258 2740 selle
1279 2706 1337 2755 per·

250 2758 397 2821 Aquitanica
409 2759 543 2818 annexuit,
560 2758 593 2806 ad
612 2757 716 2807 flurium
732 2758 774 2806 Li·
810 2759 882 2807 litis!

249 2836 338 2894 gerim,
367 2844 393 2883 et
422 2835 555 2883 Oceanum
586 2835 773 2884 Britannicum.
843 2840 873 2884 ⁶3
893 2837 1336 2899 Commi-urd'rrocuaeumveni·

248 2908 313 2955 Noti
341 2910 446 2968 Caesari,
473 2910 600 2970 Straboni,
630 2912 725 2970 Plinio,
747 2919 774 2961 et
810 2914 884 2961 culus
895 2915 1020 2973 amiserat,
1033 2928 1106 2974 quern
1114 2918 1335 2977 pronominum

247 2984 302 3031 allis
313 2985 436 3031 Veterum
448 2984 545 3044 multia,
556 2985 625 3032 inter
636 3000 699 3047 quoa
712 2988 772 3036 Pto·
810 2992 1195 3055 suppleveruutlmpduueusea.
1224 2994 1336 3046 Visetur.

247 3060 350 3108 lemarus
362 3058 412 3106 duo
424 3058 560 3107 Pictonum
573 3058 669 3120 oppida
678 3074 772 3109 memo·
843 3071 895 3119 No,
906 3074 952 3118 201
982 3067 1125 3129 Hermique]
1142 3069 1197 3118 Hie
1208 3071 1336 3121 estpom.

247 3141 296 3194 rat,
307 3134 502 3196 Augustoritum
511 3141 538 3182 et
548 3135 695 3184 Limonum:
709 3152 771 3199 quo·
810 3145 900 3205 punius
918 3144 1045 3193 Maximus
1061 3144 1240 3195 Herculanus:
1258 3161 1333 3210 quem

246 3225 300 3258 rum
314 3225 363 3272 ego
376 3216 494 3257 neutrum
506 3223 554 3259 nec
568 3224 599 3257 ex
615 3211 676 3272 situ,
697 3226 770 3262 neco
808 3221 1019 3282 septimodecimo
1029 3221 1148 3269 Carmine
1156 3223 1333 3272 Parentaliurn

245 3287 352 3349 vestigio
377 3286 455 3348 prisci
490 3285 596 3333 nominis
630 3299 770 3348 agnoscere
807 3296 949 3344 celebravit
958 3295 1092 3344 Ausonius.
1114 3296 1219 3346 Vinctus,

245 3377 347 3423 possum
359 3378 365 3408 ε
377 3376 520 3424 quanquam
535 3376 585 3410 uon
598 3361 696 3422 dubito,
708 3364 769 3426 quin
839 3372 854 3416 2
871 3368 941 3432 Spem
952 3370 1039 3431 magis,
1050 3370 1262 3433 qaamsruemium]
1280 3371 1331 3420 Hic

245 3437 353 3506 alterum
365 3438 408 3496 ait,
425 3436 493 3499 quod
512 3439 588 3499 vulgo
606 3439 719 3500 Paitiera,
736 3441 768 3488 ab
807 3440 1331 3508 desideraturunasyllaba:quaefortassa

245 3510 427 3571 veteregeutis
441 3511 768 3572 vocabuluvocitatur,um·
805 3532 854 3565 rem
872 3516 966 3567 fuerat.
999 3518 1069 3581 Spem
1093 3519 1167 3580 »nqis
1190 3534 1258 3580 quusi
1278 3534 1331 3567 rena

243 3584 312 3633 nium
325 3584 487 3648 Aquitanico
497 3586 656 3650 celticaeque
675 3588 766 3637 Galliae
799 3591 936 3650 fruendum.
970 3592 1103 3657 Optimam
1118 3609 1188 3657 apem
1204 3609 1328 3657 concepe-

243 3659 393 3723 oppidorum
405 3662 550 3711 maximum.
584 3662 768 3724 Cujuscivita·
803 3675 843 3716 rat
863 3668 991 3717 Ausonius
1011 3669 1045 3717 du
1064 3670 1212 3718 Herculauo
1235 3684 1328 3733 puero:

243 3736 285 3790 tis,
297 3737 336 3784 vel
348 3737 425 3784 solius
438 3737 476 3783 sui
489 3743 547 3785 aute
560 3751 643 3786 auuoa
658 3740 727 3788 mille
739 3747 767 3790 ct
803 3759 853 3808 qua
864 3759 891 3793 ac
901 3744 1053 3793 frustratum
1063 3745 1201 3805 siguificat.
1219 3747 1292 3796 iden.

241 3811 366 3860 ducentos
393 3812 508 3875 episcopi
537 3812 632 3862 Hilarii
664 3816 766 3865 uomina
835 3819 905 3882 Spem
919 3821 1006 3881 mugio]
1025 3820 1328 3885 ludejurcuculapiugi·

241 3886 398 3946 clarissimus,
411 3892 565 3935 vetustatem
578 3894 765 3940 teatautnrtum
803 3901 847 3944 tur
866 3896 932 3958 Spes
950 3897 977 3943 in
995 3895 1107 3958 antiquis
1125 3896 1329 3956 numismatibus,

237 3960 421 4023 amphitheatri
440 3961 472 4009 ad
493 3959 575 4010 forum
596 3963 679 4012 Vetus
697 3965 765 4015 intra
801 3972 862 4032 quia
884 3986 942 4019 cum
970 3977 1059 4019 tenera
1077 3980 1158 4019 astate
1176 3972 1280 4035 iucipit;
1302 3973 1327 4020 lu

240 4037 297 4098 ipsa
315 4051 381 4084 uunc
395 4037 497 4099 nroenia,
517 4038 577 4086 olim
593 4045 687 4101 extra;
710 4048 764 4089 tum
801 4051 1038 4110 eaquc‘spes,uou
1050 4051 1109 4106 res,¹
1126 4054 1156 4095 ut
1173 4047 1266 4096 Cicero
1284 4048 1329 4107 ait,

240 4113 414 4175 aquaeductus,
431 4115 528 4176 quoad
549 4117 762 4179 amphitheatrum
802 4125 916 4174 ‘laudari
939 4123 1022 4172 rotet?
1040 4123 1138 4173 Aulon.
1160 4125 1327 4187 Augustinus.

238 4197 266 4236 et
277 4188 365 4237 urbem
377 4205 408 4237 ex
422 4205 483 4252 agro
500 4192 633 4240 meridiem
645 4200 762 4254 spectau-
801 4200 902 4249 Ludere
925 4206 1011 4249 autem
1038 4200 1063 4247 iu
1089 4200 1161 4248 bisce
1183 4201 1326 4249 nominibus

239 4272 275 4323 te,
292 4279 357 4327 aque
369 4266 568 4328 perducebatur,
580 4268 690 4330 insigues
704 4272 761 4319 reli·
799 4281 919 4322 auctores
939 4281 1042 4323 amant:
1066 4273 1104 4321 sic
1125 4275 1222 4323 Noster
1242 4275 1326 4324 Carm.

237 4341 312 4403 quiae.
346 4342 433 4390 Dicam
446 4344 519 4403 alias,
531 4344 551 4392 si
572 4345 626 4392 rita
642 4347 761 4396 etotium
799 4364 839 4401 xr.
859 4351 991 4399 Purental.
1007 4350 1120 4398 ‘Pastor
1138 4350 1217 4399 cbare
1237 4365 1322 4413 nepos,

237 4423 366 4478 suppetet,
387 4433 463 4480 quiam
492 4434 581 4481 purum
609 4434 700 4481 sapere
724 4423 760 4470 illl
797 4440 856 4487 spes
868 4425 940 4487 cujus
952 4432 1024 4473 certa
1035 4422 1084 4472 tuit
1096 4425 1155 4472 res.’
1196 4425 1321 4473 Ciceroiu

236 4490 373 4540 Pictonum
395 4495 456 4541 mihi
477 4496 618 4552 videantur,
637 4498 679 4561 qui
700 4513 727 4546 se
745 4514 760 4547 a
797 4501 872 4548 Verr.
885 4513 929 4548 ru.
941 4515 964 4549 c·
976 4513 1038 4547 xix.
1058 4500 1141 4547 ‘Cum
1153 4500 1177 4547 iu
1190 4498 1322 4561 provincia

236 4562 337 4621 Scyrius
353 4576 380 4616 et
400 4569 481 4616 Pictis
493 4569 645 4633 Agathyrsia
660 4572 760 4634 prulec·
798 4583 849 4624 tarn
867 4577 995 4638 locupleta
1013 4591 1044 4623 ar.
1061 4576 1162 4625 referta
1177 4589 1223 4622 nou
1241 4574 1324 4623 modo

236 4643 275 4684 toa
281 4635 415 4696 jactitant:
435 4649 462 4691 et
472 4646 523 4692 suia
536 4646 649 4695 Pictarls
661 4663 677 4696 a
688 4653 758 4714 picta
796 4665 859 4711 rem,
871 4652 917 4700 sad
930 4665 962 4700 ue
975 4665 1046 4714 spem
1057 4652 1160 4716 quidam
1174 4649 1249 4699 ultam
1262 4650 1322 4699 reli.
