2806 5234
612 680 792 731 nuruum.
1183 677 1247 744 599

151 819 239 899 Quid
252 818 359 898 volui,
380 818 473 904 quod
488 820 577 886 uuile
590 824 715 889 bonnm
728 826 840 890 soreii
862 827 944 892 utile
956 829 1097 897 honesto

149 923 214 988 Gur
225 924 339 988 malus
352 923 517 989 antetulit
538 944 617 988 uum
629 925 735 1004 dicto,
758 933 817 991 eut
829 926 972 1013 denique
986 932 1082 998 vultu

150 1023 349 1091 Perstrictus
364 1027 567 1108 quisquami
589 1045 649 1090 cur
663 1046 717 1091 mo
733 1036 851 1092 natura
865 1031 983 1111 magis,
1005 1051 1105 1115 quum

150 1125 339 1209 Disciplina
351 1126 477 1191 trubitl
521 1126 579 1191 Sic
594 1127 686 1192 dicta
700 1140 735 1192 et
749 1129 842 1193 suctu
855 1149 916 1212 per
930 1132 1042 1196 omnia

150 1225 357 1308 ingrediens,
378 1232 516 1309 ortoque
529 1246 551 1291 a
563 1247 701 1311 vespere
716 1229 840 1294 cuncta
854 1232 1044 1310 revolvens,
1199 1236 1244 1301 25

154 1326 309 1392 Offensus
324 1328 452 1410 pravis,
473 1326 533 1392 det
545 1327 690 1410 palmam
704 1333 738 1393 et
752 1333 894 1413 praemiu
908 1335 1019 1398 rectis.
1120 1398 1124 1408 ,

153 1519 247 1572 minoi
264 1521 335 1577 Quid
350 1521 430 1589 cupiri
445 1522 505 1597 qued
523 1520 605 1570 bouem
620 1526 680 1571 mes
692 1536 738 1570 soe
756 1520 860 1586 cepere?
885 1525 967 1579 Quare
978 1524 1248 1588 egopruourustepueui

153 1583 202 1634 sirie
220 1585 336 1635 mentor
362 1586 402 1635 As
418 1587 529 1648 uqusiee
540 1600 576 1635 ste
591 1587 661 1634 urus
678 1591 715 1635 est
733 1588 811 1647 serbo,
832 1593 875 1636 urit
894 1589 965 1637 αι’ωιι
981 1588 1248 1653 cignistcuir'orteuiiqeu

155 1646 243 1700 aeut
266 1650 352 1705 Qum
369 1649 535 1712 augurque
552 1650 704 1712 propensione
721 1657 825 1711 smero,
843 1668 913 1714 qurum
928 1655 1055 1716 preceptis
1069 1650 1249 1716 Philosophia?
1274 1662 1277 1668 '

153 1712 723 1790 Seprocdmpmmetudieteetfoctemm
738 1721 881 1765 etrecocorts
897 1718 1032 1767 irruentem
1048 1719 1128 1768 ostric
1145 1718 1176 1767 ub
1193 1722 1248 1767 orte

154 1775 260 1841 Meri
269 1780 394 1829 deiedm
403 1780 473 1840 niu,
480 1779 561 1828 loudot
571 1782 662 1828 testem
674 1794 701 1830 eo
712 1794 763 1843 qeoe
773 1779 830 1829 berre
838 1781 920 1842 gesen.

646 1939 750 1989 NOTAE

150 2049 217 2112 jrxts
227 2050 382 2101 Stoicorum
397 2050 505 2114 plecite,
519 2050 562 2114 qui
578 2051 678 2115 sepien-
720 2058 811 2114 utpote
824 2052 872 2101 viri
889 2052 961 2116 boui,
976 2058 1047 2103 esset
1057 2051 1178 2114 opituleri
1189 2063 1248 2113 ege·

153 2133 200 2176 ten
218 2140 298 2175 suurn
320 2125 453 2190 negabunt
470 2126 595 2176 misereri.
627 2127 680 2177 Per
720 2130 777 2189 uis;
794 2128 1005 2191 Philosopbicum
1024 2135 1171 2178 tamennon
1183 2135 1250 2188 erut,

153 2201 353 2252 ehericordism
365 2201 547 2265 intelligebant
557 2202 634 2251 enimi
645 2217 679 2251 e·
719 2205 776 2253 viso
785 2204 890 2254 ulterius
901 2205 979 2269 melo,
988 2217 1134 2264 moerorem,
1143 2202 1249 2252 misere·

153 2275 360 2340 grimdiuem‚ob
369 2277 507 2326 clientium
518 2277 676 2328 miseriorum
720 2281 827 2343 tionem,
841 2281 950 2330 ullumve
965 2281 1043 2331 culmi
1063 2279 1249 2345 permotionem

152 2352 268 2418 speciem.
310 2352 449 2416 AEgrltudo
466 2361 562 2417 eutero,
579 2355 677 2420 iuquic·
720 2356 833 2406 sentire:
853 2357 999 2419 presertim
1014 2356 1084 2420 opud
1100 2355 1250 2405 austerioris

151 2427 218 2491 beut,
232 2430 260 2477 iu
279 2428 426 2492 sapientem
437 2429 518 2479 vuum
530 2443 580 2478 nou
591 2430 677 2479 cedit:
720 2437 800 2480 secte
812 2431 995 2495 Philosophus,
1015 2432 1103 2493 quales
1119 2429 1249 2493 Pythago·

152 2505 283 2570 mequod
303 2503 434 2553 iubumeui
452 2511 548 2565 esseut,
564 2511 608 2554 eut
618 2519 679 2567 sup·
723 2506 760 2554 rei
772 2506 900 2554 etStuici.
923 2505 1106 2554 Huttoctuorur
1116 2504 1160 2552 bic
1171 2504 1250 2552 viue-

156 2581 235 2642 petiss
258 2577 319 2630 fere
341 2579 458 2641 uolleut3
487 2592 574 2629 rerum
595 2580 681 2629 omnin
720 2585 763 2628 tus
782 2594 840 2628 curu
859 2579 983 2645 exponite
1001 2577 1096 2644 ‘AEgre
1108 2592 1182 2642 opem
1195 2579 1251 2640 tuli,

155 2671 217 2723 que,
230 2658 279 2723 qui
297 2656 462 2719 miserentur,
477 2656 594 2707 dolentes
610 2655 680 2706 sece-
720 2669 771 2705 uou
784 2656 896 2707 libenter
908 2664 938 2706 ut
950 2655 1046 2706 debui!

153 2743 217 2797 rent,
233 2733 318 2782 decri
331 2732 417 2783 auimo
428 2747 459 2782 uc
470 2733 582 2784 libentes
592 2731 680 2783 iecere
758 2737 790 2783 25
809 2735 913 2797 Ortoque
937 2750 952 2783 u
973 2734 1079 2799 vespere]
1101 2735 1203 2796 Vesper
1221 2738 1250 2781 et

153 2825 179 2860 se
192 2809 395 2875 profitebuntur.
428 2809 556 2860 Errabant
569 2811 681 2872 scilicet,
721 2808 825 2860 Lucifer
836 2810 904 2860 idem
916 2818 1013 2859 nstrum
1024 2810 1133 2859 Veneris
1148 2808 1195 2858 sub
1208 2822 1249 2856 rs·

152 2886 210 2935 dum
218 2886 351 2950 putebant
357 2884 558 2936 misericordium
565 2901 622 2936 esse
628 2888 682 2935 eui·
721 2887 759 2936 rio
770 2887 882 2949 nomine,
893 2893 973 2950 prout
984 2886 1070 2936 Solem
1082 2886 1200 2950 seqnitur
1209 2885 1250 2932 vei

154 2964 188 3009 mi
205 2960 397 3025 egritudinem,
413 2975 470 3026 quse
491 2961 586 3025 potius,
602 2970 632 3011 ut
646 2962 683 3010 uit
722 2961 859 3026 praecedit,
876 2963 969 3025 utjam
982 2961 1145 3010 observatum
1155 2961 1186 3009 sd
1200 2961 1251 3009 Ro·

156 3037 274 3086 Clemens
287 3038 385 3085 Strum.
399 3040 424 3087 t.
439 3036 506 3086 eride
522 3055 545 3084 rt
563 3035 637 3098 ἐστὶν,
653 3037 683 3086 ds
723 3053 775 3088 sss.
806 3037 858 3086 llic
871 3036 1082 3097 uomeuVesperi
1094 3040 1251 3098 praepmtere

155 3112 308 3176 stuppeum
319 3110 426 3174 λίμναι.
452 3112 592 3162 ‘Divinum
604 3112 683 3176 quod·
723 3120 832 3174 usurpat
852 3110 980 3159 Ausonius
997 3124 1045 3172 pro
1065 3107 1194 3171 Lucifero,
1210 3123 1254 3158 uo·

156 3189 223 3252 deuo,
237 3189 307 3238 sicut
317 3188 459 3252 Prupbetae
471 3187 628 3253 loquuntur)
724 3202 784 3236 meu
796 3185 979 3250 Vespcrtiuum
992 3181 1085 3233 sideris
1102 3196 1150 3246 pro
1168 3182 1254 3232 bletu-

187 3268 219 3312 lb
237 3265 290 3313 Cur
299 3263 685 3328 oliquemsreetupersmrimertte
725 3264 788 3314 tino.

161 3338 273 3400 dolum]
296 3340 418 3390 Quemvis
437 3340 506 3389 euim
525 3339 686 3403 Philosophi,

388 3562 489 3610 xvll.
512 3545 571 3608 Nori
587 3548 635 3608 καὶ
654 3545 694 3607 Ου’
706 3540 910 3627 Πυθαγορικόν.
951 3539 1017 3605 364

161 3695 246 3774 Est,
262 3703 298 3760 et
315 3694 401 3775 Nou,
416 3696 528 3761 cuncti
543 3695 776 3779 monosyllaba
789 3701 872 3760 uota
885 3694 1104 3778 frequentant.

192 3884 408 3948 omumrpout
421 3884 449 3933 iu
466 3898 570 3934 mouere
586 3883 738 3947 perouigotm
755 3896 819 3931 uoces
837 3882 907 3929 euius
925 3880 1020 3945 oylioboe
1032 3879 1078 3927 Est
1090 3881 1113 3926 et
1126 3873 1189 3924 Nos.
1206 3872 1255 3922 Hie

652 4021 763 4075 NOTAE

192 4134 237 4183 sd
248 4133 287 4183 rol
298 4132 346 4195 od]
358 4133 450 4182 Latine
458 4141 554 4192 vertes,
563 4131 652 4190 etium,
661 4135 689 4177 et
731 4126 826 4190 potius,
840 4137 916 4189 quem
926 4122 1053 4184 Stoicum,
1067 4119 1257 4180 Academicum,

160 4225 220 4260 unu.
237 4211 295 4260 Cic.
313 4223 352 4258 iv.
370 4207 494 4258 Academ.
513 4212 568 4257 lot.
585 4206 689 4254 ‘Utse-
731 4210 776 4252 stit
788 4201 894 4264 alicujus
910 4199 974 4248 eiius
993 4197 1090 4246 seotae?
1105 4193 1255 4245 quuitior-

160 4300 240 4351 quens
249 4285 463 4349 probabilitatem
471 4283 624 4346 ubicumque
635 4281 691 4330 baec
732 4287 800 4327 tasse
817 4277 862 4324 hes
880 4280 981 4324 tuntum
999 4270 1149 4321 dnmroees
1160 4270 1255 4335 Pytho·

161 4369 205 4412 eut
216 4366 349 4422 occurret,
364 4366 410 4409 eut
420 4357 536 4422 deficiet,
548 4363 593 4408 out
604 4356 692 4418 etium,
734 4353 828 4417 goricis
838 4365 886 4414 per
896 4347 1082 4415 quinquennale
1100 4347 1162 4398 illud
1180 4347 1256 4398 silen-

164 4444 206 4487 mt
217 4451 269 4486 uon
281 4436 442 4499 respondere
454 4434 553 4499 possit?
733 4433 797 4481 tium
808 4429 975 4495 pronuntiare
985 4425 1095 4476 licuisse.

194 4513 365 4579 nuduqopteie]
391 4513 479 4566 (luere
491 4509 693 4576 Pythagoricum
