2850 5256
241 755 309 823 946
590 763 699 812 ruore
722 761 923 812 versorum
948 759 987 811 ru

242 917 338 974 preter
354 909 404 957 iste
421 906 515 955 funcra
536 905 632 953 Lector
650 902 719 951 nolle
738 909 767 952 ut
801 900 947 962 Isciadicie‚
958 900 1178 965 Artlrrltlclsque:
1190 915 1242 964 quo
1251 901 1325 950 luisse

243 983 314 1034 fleat.
355 982 419 1031 Cum
440 977 646 1042 parturiretur»,
676 976 765 1027 nescio
802 976 1041 1028 senatomcundeus
1052 976 1196 1026 Ausonium
1205 977 1327 1027 medicum

241 1056 303 1122 qnid
314 1055 402 1118 injucti
416 1052 526 1101 inferet:
550 1050 766 1115 liceteuirqqoe
803 1051 892 1103 refert.
911 1051 1018 1101 Vinctus.

241 1131 331 1183 ordine
342 1127 507 1179 mortalitatis
519 1141 568 1177 oou
579 1127 683 1176 turbato
694 1126 767 1178 ioue·
835 1128 887 1178 No.
900 1132 956 1177 rol.
989 1130 1002 1175 l
1027 1124 1145 1175 Proeiuu
1164 1131 1192 1175 ta
1210 1126 1330 1190 saurir]

240 1222 271 1257 ru
280 1205 384 1266 flentur,
400 1204 473 1268 juste
484 1201 536 1252 dici
553 1200 661 1266 possint,
679 1209 766 1252 tameo
801 1202 974 1255 scribebant
991 1201 1033 1252 irie
1051 1209 1079 1251 et
1101 1201 1252 1268 plerumque
1270 1203 1330 1254 siibi

240 1281 327 1335 dende
342 1295 375 1331 ee
394 1292 489 1329 rosere
499 1278 576 1328 babet
587 1277 682 1341 aliquid
694 1277 766 1329 abso·
802 1277 1094 1340 vetusliber,geeetrie.
1126 1278 1186 1327 Nec
1198 1278 1275 1327 aliter
1285 1278 1329 1328 Pi·

241 1373 311 1408 uum.
337 1352 767 1418 Etmultaprsutereeiubociibro
803 1355 871 1404 erius
883 1353 1037 1403 Valerianus
1055 1354 1082 1402 iu
1101 1354 1207 1416 optiruls
1227 1355 1329 1418 Virgilii

241 1432 514 1497 lacerabaturque
529 1431 602 1494 juste
618 1445 650 1479 ea
666 1429 767 1479 ratione
802 1429 956 1479 membranis
973 1428 1082 1489 iuvenis,
1099 1428 1175 1490 cujas
1194 1429 1251 1478 bec
1269 1438 1329 1478 saut

241 1508 351 1560 deutur:
368 1523 415 1572 por
426 1509 528 1559 omniuo
539 1505 698 1569 conjecturae
708 1519 766 1554 seu·
802 1504 896 1554 verba:
914 1503 1283 1568 ‘Ceseriemuetogeuitrixl
1299 1503 1329 1552 lo

241 1585 325 1634 tentis
335 1585 360 1633 iu
371 1585 454 1635 veteri
466 1582 571 1645 Epidoti
583 1580 672 1644 tepbo,
689 1592 705 1628 a
722 1593 767 1628 uo·
803 1581 918 1632 Romano
929 1581 1019 1631 codice
1037 1579 1159 1629 Genetrix
1176 1580 1263 1628 media
1278 1581 1329 1643 syl·

242 1658 283 1708 bis
295 1658 415 1719 laudato;
435 1663 463 1707 et
473 1656 541 1720 apud
560 1655 710 1706 Martielem
720 1654 767 1704 lib.
803 1656 863 1705 lube
873 1669 921 1717 per
929 1656 953 1704 E
962 1655 1054 1718 passim
1066 1654 1193 1716 seriptum
1204 1654 1328 1704 lureaias.

242 1747 280 1783 vr.
291 1734 380 1797 Epiqr.
390 1746 495 1783 xxvrrr.
508 1731 578 1784 ‘Qui
587 1729 635 1781 fles
647 1730 719 1793 tolia,
730 1729 766 1780 nil
803 1731 918 1780 Eandem
931 1728 1063 1779 scribendi
1081 1730 1208 1779 rationem
1221 1729 1254 1778 iu
1269 1729 1328 1778 situ·

241 1805 312 1871 tlesa,
324 1807 424 1859 vietor!
441 1806 567 1857 Burtbius.
802 1806 834 1856 lis
846 1805 1018 1869 Antiquorum
1028 1804 1230 1868 marmoreisque
1240 1817 1327 1854 mouu-

272 1885 392 1934 Nosco.
424 1883 493 1932 ΗΞ
509 1883 533 1932 ri
549 1885 672 1931 moeror
684 1878 765 1945 filius]
803 1882 896 1932 urentis
913 1895 964 1931 uon
981 1880 1063 1931 semel
1079 1878 1223 1940 observari,
1238 1879 1326 1942 quiue·

240 1959 354 2010 Horrore
365 1965 392 2009 et
403 1957 543 2009 desiderio.
564 1956 671 2007 Visetur.
803 1959 866 2009 tiam
878 1958 904 2007 iu
916 1957 1036 2018 nummis,
1050 1956 1095 2021 qui
1113 1954 1210 2006 fuerint
1219 1956 1326 2006 eruditis

271 2035 422 2084 tUsdeciea
442 2032 510 2082 birrus
530 2031 695 2097 oro-pirou]
713 2029 766 2081 Oe·
802 2033 885 2082 edlruc
915 2033 1016 2082 seculis
1041 2033 1106 2093 cusi,
1135 2036 1228 2094 utpote
1252 2030 1328 2082 tolie

240 2108 341 2171 togiuts
350 2116 410 2159 octo
421 2120 512 2158 suuos.
544 2105 765 2166 Esteuim‘oilvu·
802 2109 867 2159 Pie.
899 2108 951 2159 Ubi
962 2110 1050 2157 Veuus
1061 2115 1102 2157 eat
1121 2108 1186 2158 lere
1196 2108 1275 2157 baete
1290 2108 1328 2156 io-

239 2182 294 2234 esdr
303 2183 506 2250 quadriennium.
524 2181 766 2245 Nonagintatemeu
801 2185 871 2248 uiro,
881 2184 974 2233 dextra
983 2189 1141 2246 exporrecta
1151 2197 1209 2233 eum
1221 2183 1328 2246 leaerlp·

240 2255 627 2309 annosvixissedicltordulioe
638 2254 765 2306 Ausonius
802 2260 882 2319 tione,
898 2259 1002 2308 ‘Venus
1020 2257 1168 2309 Genetrix?
1210 2259 1327 2308 Vidimus

239 2333 266 2381 iu
278 2333 414 2396 Epicedio.
431 2334 505 2383 ldasr.
801 2341 887 2384 autem
908 2334 996 2384 Rome
1014 2334 1140 2397 seriptum
1153 2333 1328 2397 Genetrieper

271 2410 364 2460 erues
372 2412 493 2459 eaodem
501 2407 551 2470 ills]
574 2407 673 2458 Seuera
688 2408 765 2472 Epis·
801 2411 824 2458 E
840 2424 890 2458 nou
909 2423 960 2458 uuo
974 2410 1048 2459 locor
1065 2415 1094 2459 et
1106 2422 1139 2460 oe
1150 2408 1206 2473 quis
1219 2409 1327 2471 iuscrip-

239 2486 286 2535 tol.
298 2499 345 2537 xx.
360 2486 439 2536 ‘Huc
450 2499 512 2549 erqo
529 2483 700 2548 copodoues
711 2491 764 2536 tue
801 2485 885 2534 tiones
903 2491 933 2532 ut
946 2484 1003 2546 jue
1014 2483 1145 2533 obsoletae
1154 2482 1250 2546 exigat,
1268 2485 1325 2534 sui·

238 2562 366 2624 teudsot;
381 2562 430 2612 boe
441 2575 513 2623 cura,
529 2560 578 2610 boc
591 2565 664 2623 opta,
679 2561 766 2611 omnia
800 2558 1013 2609 madverteudour
1025 2558 1184 2609 estProbuur
1193 2559 1327 2610 Gnmsoa·

239 2639 290 2690 ella
301 2645 361 2690 rote
370 2639 427 2689 Deo
438 2638 601 2700 remissurus,
614 2646 646 2686 ut
657 2645 765 2688 couten-
800 2635 881 2687 ticum
888 2649 940 2685 uon
952 2643 1048 2685 temere
1054 2635 1217 2697 obesmsse,
1227 2634 1328 2684 Gesitar

238 2720 281 2764 tus
294 2716 329 2764 ele
347 2715 494 2777 temetipso,
513 2719 585 2762 etex
596 2719 622 2762 te
634 2712 765 2762 nascenti·
801 2725 849 2774 per
859 2710 883 2773 1,
893 2718 920 2760 et
934 2711 1053 2760 Genetrix
1065 2725 1111 2774 per
1122 2711 1154 2771 E,
1166 2710 1259 2760 eoribi:
1276 2724 1325 2759 uon

238 2789 379 2839 burbonis.
412 2790 477 2840 Qum
488 2794 577 2851 potest
587 2802 643 2837 esse
653 2786 765 2837 felicitas
801 2788 837 2836 ito
856 2795 942 2835 sutem
965 2786 990 2835 in
1011 2788 1127 2847 Μακέων,
1146 2793 1175 2835 et
1193 2787 1324 2845 Morinis,

238 2864 297 2912 Deo
308 2864 413 2924 propior
425 2862 444 2910 θ’
800 2877 907 2926 quorum
924 2869 1058 2926 unumque
1075 2876 1123 2925 per
1138 2862 1148 2909 i
1164 2862 1242 2911 scribi
1260 2876 1321 2910 cou-

270 2941 301 2984 12
318 2937 448 2985 Nonnullis
457 2936 562 2995 ingenio]
573 2935 616 2984 Sic
625 2937 698 2984 rideo
710 2937 763 2998 edi,
799 2943 861 2986 etet.

236 3008 309 3072 qussi
328 3007 356 3056 rb
371 3009 379 3036 ‘
392 3006 537 3056 Praeditus'
553 3010 587 3057 sit
605 3010 763 3073 coujungen-
830 3016 846 3060 2
866 3013 979 3063 Tarbella
993 3011 1088 3074 nutris]
1113 3012 1229 3061 Tarbelli
1253 3013 1323 3061 inter

236 3084 297 3134 dum
307 3099 365 3134 cum
373 3098 448 3133 versu
459 3083 628 3146 procedenti.
644 3085 694 3134 Sed
704 3087 762 3150 quis
799 3087 944 3152 Aquitanos
954 3097 1042 3152 gentes
1050 3095 1217 3137 recemeotur
1223 3088 1324 3138 Plinio:

235 3160 273 3211 ite
283 3160 409 3224 loquitur:
423 3160 491 3208 ‘uou
502 3160 572 3208 rudle
583 3159 685 3223 iugenio
694 3175 761 3224 pre·
799 3165 841 3228 qui
864 3165 1030 3229 Aquitanicus
1054 3173 1129 3214 vocat
1148 3179 1206 3214 eam
1231 3165 1322 3215 Gellius

235 3235 331 3284 ditosi’
348 3243 420 3284 certe
432 3249 490 3284 cum
505 3249 569 3284 voce
585 3235 721 3298 ‘iugenio'
732 3235 760 3284 fi·
798 3247 907 3302 partem,
926 3256 983 3304 que
1003 3247 1044 3289 est
1061 3240 1129 3289 luter
1146 3238 1253 3290 durium
1274 3241 1324 3289 Ga·

235 3311 307 3360 uitur
320 3312 461 3371 sententie,
472 3318 499 3360 et
517 3317 578 3373 post
596 3324 653 3359 euru
671 3326 760 3360 vooenr
798 3328 911 3363 rosunum
922 3324 949 3364 et
966 3322 1067 3364 montes
1078 3316 1227 3378 Pyreuseos.
1259 3315 1323 3365 Pto-

234 3385 315 3434 raucio
325 3385 595 3447 decorquipoueudc.
628 3386 688 3434 Nou
704 3400 758 3435 suu·
797 3391 902 3439 lerneus
922 3392 1036 3440 secundo
1057 3391 1254 3452 Geoqrrpuieon
1278 3405 1321 3439 eos

234 3463 290 3509 vius
312 3467 408 3517 tumeo,
441 3461 589 3510 ‘Proditus
611 3461 759 3524 porrigere!
796 3466 906 3514 collocat
925 3465 994 3514 iuter
1012 3465 1118 3514 eosdem
1130 3465 1275 3529 Pyreneus,
1293 3473 1322 3513 et

235 3537 293 3586 Nisi
313 3539 339 3587 id
362 3537 512 3588 confirmare
530 3539 637 3587 velimus
648 3551 678 3585 eo
690 3537 758 3600 quod
796 3554 885 3603 ugrum
895 3542 1128 3605 Burdigalensem:
1143 3541 1236 3591 Strabo
1254 3540 1319 3590 libro

233 3610 260 3658 iu
273 3611 386 3661 Proseis.
398 3627 425 3660 v·
442 3613 558 3662 ‘Cerere
574 3611 645 3660 cultu
663 3610 758 3672 predi·
795 3624 897 3677 querco,
909 3617 1028 3665 Lucanus
1046 3616 1072 3664 iu
1091 3617 1184 3679 primo,
1200 3622 1229 3665 et
1239 3614 1319 3663 Auso-

234 3687 294 3735 tus.’
310 3689 361 3737 Sed
370 3688 505 3737 verisimile
514 3686 647 3748 Scaligeri,
658 3686 759 3749 Cerere,
794 3690 850 3738 uiue
862 3691 888 3739 iu
900 3699 992 3754 querto
999 3691 1075 3754 hujus
1082 3691 1141 3740 libri
1149 3691 1280 3751 Carmine,
1289 3689 1321 3738 ad

232 3762 426 3824 muproedtsur.
460 3762 571 3821 eruore,
594 3775 756 3824 processores,
795 3764 960 3827 Pyreneuru,
971 3765 999 3816 et
1008 3766 1153 3815 Oceanum.
1182 3766 1320 3814 ldeauror·

233 3841 262 3884 ut
273 3852 328 3900 quae
341 3838 459 3900 Scaliger
469 3842 587 3893 uolet‚et
599 3833 686 3882 inbre
696 3834 757 3883 Nlr-
794 3855 836 3889 eus
856 3842 1015 3891 Ptolomeus
1043 3848 1072 3890 et
1096 3842 1191 3891 incerti
1212 3841 1321 3890 sectoris

231 3928 285 3973 τωρ.
320 3912 453 3975 Conjiciu:
476 3910 592 3959 Providus
609 3911 704 3961 eteitm
716 3913 756 3960 bo·
794 3915 1260 3981 CarmendeAusooio,Aquasetiam
1270 3916 1322 3965 Aa·

232 3988 320 4036 urinum
341 3988 433 4036 ratione
453 3988 559 4036 medendi
576 3987 714 4050 Porrigerq
732 3994 756 4038 et
793 3999 890 4053 gustes,
907 3993 974 4055 quod
997 4007 1105 4056 pervum
1123 3993 1261 4055 oppidum,
1274 3991 1320 4040 aed

223 4062 288 4118 jutis
297 4061 439 4125 amplificare
448 4075 533 4111 meros.
549 4061 702 4111 Gronovius.
792 4079 916 4128 perquam
928 4074 1014 4128 vetus,
1023 4074 1051 4116 ut
1062 4068 1089 4115 iu
1098 4081 1204 4116 corusco
1215 4068 1250 4116 do
1258 4068 1321 4117 Bur·

264 4141 293 4185 l'l
313 4138 346 4185 Ut
355 4135 454 4197 nudum]
470 4137 554 4187 Julius
565 4137 694 4185 Ausonius
702 4151 755 4185 me·
792 4139 879 4203 digole
890 4143 1064 4203 meminimus,
1073 4142 1152 4191 bodie
1163 4144 1220 4203 Aes,
1230 4144 1262 4191 eb
1275 4143 1322 4191 La·

229 4210 303 4261 dicos
315 4213 412 4262 nullum
430 4213 598 4276 Antiquorum
617 4213 644 4261 iu
664 4226 753 4260 cursu·
792 4215 846 4265 tiuo
866 4216 911 4265 illo
928 4216 1059 4280 Aquarum
1079 4217 1206 4267 vocabulo
1224 4232 1321 4267 noneo-

230 4287 268 4334 dis
286 4290 380 4337 morbis
398 4290 563 4353 sequebatur,
582 4303 632 4336 noo
652 4288 754 4351 Hippo·
791 4299 879 4353 petor,
904 4293 1032 4342 Tarbellis
1059 4295 1205 4356 assignent.
1248 4293 1318 4342 Iden

230 4369 337 4424 erotem,
363 4379 413 4413 uon
436 4365 573 4426 Geleouru,
606 4377 656 4412 non
676 4364 753 4412 ulium
790 4364 919 4415 Ausonius
940 4369 1090 4418 Turbeilum
1118 4377 1195 4419 voest
1216 4368 1315 4418 durium

228 4451 379 4503 queuquum.
413 4440 551 4488 Marcellus
563 4448 648 4488 entem
665 4439 752 4502 Enipi·
791 4439 914 4491 Aturruur
935 4443 961 4491 in
984 4453 1102 4495 extremo
1119 4445 1248 4494 Mosella:
1271 4442 1313 4504 qul

229 4512 295 4560 ricus
312 4514 378 4564 bunc
397 4515 536 4564 Ausonium
555 4515 587 4564 de
607 4529 634 4563 re
652 4514 753 4563 medios
790 4515 900 4565 Aturrus
927 4533 974 4582 per
1002 4521 1113 4568 Tarberu
1147 4521 1313 4584 Bigerrouum

228 4587 364 4647 scripsisse
386 4592 478 4641 trudit:
496 4593 545 4641 ulei
567 4594 602 4642 ait
621 4590 686 4640 alios
710 4590 753 4640 bio
789 4591 967 4658 Metropolim,
978 4594 1065 4658 Aquae
1074 4595 1212 4659 Augustos,
1221 4598 1250 4640 et
1261 4590 1315 4639 Ba-

229 4658 371 4713 Amooiu:
396 4665 586 4730 remediumque
606 4665 753 4729 prescribit
783 4665 1152 4728 praemonstrationes
1170 4665 1316 4721 aoTsrbei·
