2850 5256
220 713 308 784 luto
560 725 669 775 nora
691 722 894 774 vaaroauu
919 724 957 773 ru

223 871 300 925 iotam
316 866 492 918 'l'ctrarcbiani
511 864 590 915 credo
608 879 640 914 ea
658 871 749 914 notato
785 864 929 928 prasertim
951 864 1034 928 atati,
1057 864 1194 916 ‘vobere'
1216 880 1309 930 ponere

223 944 255 995 ad
275 944 341 994 banc
358 940 748 1004 modom,'1'a·ru‚tctraoticbi
783 954 831 1003 pro
850 939 918 990 serra
936 949 981 990 aut
999 948 1114 1006 portare.
1149 940 1272 991 Diximno
1287 943 1315 991 in

223 1019 354 1073 uocabulo.
374 1017 480 1066 Vinctos.
785 1014 1017 1065 observationibus
1028 1015 1099 1065 etad
1110 1019 1246 1066 scum.
1272 1018 1316 1067 Cr·

253 1101 270 1156 2
287 1095 371 1144 Mento
386 1091 599 1156 pmeuo1Pliniao
619 1092 646 1140 iu
663 1091 748 1141 Panc-
784 1103 844 1140 cero
856 1104 904 1139 xv.
923 1092 1012 1142 Famil.
1030 1091 1114 1156 Epict-
1125 1105 1163 1142 ru.
1178 1093 1316 1142 ‘Philoco-

222 1184 277 1236 gyr.
299 1168 333 1217 ad
350 1167 488 1230 'frojanam
504 1166 538 1216 dc
556 1167 645 1216 Nerva
654 1167 686 1215 :v‘
696 1167 748 1217 Im·
784 1166 870 1229 pbiani
882 1167 950 1215 illam
963 1181 1049 1217 vernon
1061 1168 1241 1232 etantiqnam,
1255 1184 1314 1232 qam

221 1251 327 1309 perator
348 1251 376 1292 ct
401 1257 495 1306 parem
521 1243 623 1307 genecio
645 1244 747 1294 bomani
784 1240 935 1305 qoiooodun
947 1241 993 1290 otii
1009 1255 1067 1291 coac
1079 1257 1110 1292 ac
1121 1241 1231 1291 decidit
1244 1243 1313 1291 vidc-

223 1321 353 1379 obaaoauo,
379 1326 481 1382 captae,
506 1318 636 1368 iaciatur?
675 1319 747 1370 iciam
785 1322 836 1376 tor,
857 1316 882 1364 in
904 1314 997 1379 forum,
1018 1324 1098 1380 atque
1118 1317 1315 1380 rempublicam,

222 1393 383 1459 pcotpaollo:
400 1393 567 1457 ‘memque
584 1393 668 1442 animo
682 1393 748 1442 Ner·
784 1397 862 1454 atque
882 1388 907 1438 in
928 1390 1010 1453 ipram
1027 1391 1108 1440 aciem
1118 1405 1195 1455 panc
1206 1390 1315 1441 deduxi·

222 1483 256 1519 va
276 1477 351 1533 pater
370 1474 429 1518 tuno
451 1466 536 1518 factor
555 1475 606 1530 cot,
624 1477 749 1533 quaerat
784 1463 860 1513 maa'
904 1465 939 1514 Et
961 1465 987 1513 in
1015 1465 1093 1514 tertio
1119 1466 1153 1514 dc
1183 1467 1313 1529 lagibnn

224 1544 354 1597 omnium!
784 1540 945 1589 ‘Demetriou
956 1541 1108 1591 mirabiliter
1117 1541 1263 1593 doctrinam
1278 1559 1312 1593 cx

256 1621 375 1670 Num.
406 1618 534 1669 dddoca’te’
549 1618 672 1682 pamm]
690 1620 749 1669 Sta·
785 1615 939 1665 umbroculio
961 1616 1119 1667 eruditorum
1140 1619 1246 1683 otioque
1261 1634 1314 1669 aaa

224 1698 275 1748 tino
287 1697 332 1746 lib.
343 1710 374 1746 ιι.
383 1695 482 1760 sum.
493 1696 510 1745 l.
521 1709 541 1744 ι.
556 1697 563 1724 ‘
576 1695 658 1745 Natoo
669 1709 749 1758 genu·
784 1691 860 1741 ruodo
871 1693 902 1740 io
910 1693 994 1742 Solem
1011 1699 1089 1756 atquc
1110 1694 1251 1756 pulverem,
1266 1695 1312 1743 aed

224 1774 277 1824 ine
296 1785 401 1821 occense
419 1778 474 1821 cot:
492 1769 529 1820 At
547 1771 640 1833 legione
654 1770 749 1835 juvat!
785 1766 812 1815 in
831 1767 916 1828 ipouni
938 1767 1076 1816 discrimen
1100 1769 1232 1833 aciemque
1253 1785 1312 1832 per·

225 1846 308 1897 Galba
319 1845 389 1909 apud
398 1846 485 1895 Tacit.
496 1844 540 1894 lib.
551 1859 571 1894 ι.
584 1845 652 1894 Hirr.
671 1860 696 1895 c.
708 1850 748 1895 lu.
787 1839 868 1889 duxit
901 1840 952 1891 Qui
973 1841 1163 1906 Philosophiam
1178 1844 1204 1891 io
1220 1859 1312 1908 amo·

223 1922 307 1972 ‘Nam
318 1921 436 1984 generari
445 1927 476 1971 et
486 1921 579 1969 nascio
590 1920 749 1984 principibua
787 1922 815 1963 lo
827 1915 919 1963 throno
930 1915 1086 1966 collocavit:
1102 1919 1239 1967 &nociac-

224 1995 368 2060 fortuitum,
385 2010 435 2045 occ
453 1997 521 2046 oltra
543 1995 704 2045 aeotimator:
723 2010 749 2044 a·
818 1995 835 2040 2
859 1991 939 2040 blaxii
959 1994 991 2042 od
1012 1993 1147 2057 inperium]
1169 1994 1211 2044 lta
1232 2010 1310 2046 mem·

225 2071 351 2135 doptandi
367 2070 494 2135 judicium
515 2071 662 2134 integrum
680 2078 708 2120 et
728 2072 750 2120 oi
786 2067 868 2118 brana
888 2077 979 2119 vetur:
997 2077 1025 2119 ct
1045 2072 1142 2121 rectino
1159 2089 1234 2137 qaam
1254 2076 1313 2125 libri

224 2149 291 2196 valia
311 2147 416 2211 eligere,
435 2160 560 2196 concensu
579 2147 750 2197 nicostratae!
788 2144 894 2208 vulgati,
914 2144 958 2208 qui
981 2145 1058 2195 Fecit.
1093 2147 1191 2197 flacit:
1216 2149 1243 2197 id
1264 2158 1315 2208 cot,

225 2221 326 2270 Plinius
337 2222 363 2270 ln
374 2222 502 2285 Panegyr.
513 2222 545 2270 ad
556 2221 662 2285 Trajan.
682 2221 749 2271 ‘Sed
786 2219 959 2282 ‘tranotolit‚'
970 2227 999 2269 nt
1008 2224 1045 2271 ait
1054 2221 1178 2272 Boiitbiao
1188 2224 1206 2273 l.
1216 2239 1236 2274 ι.
1248 2226 1315 2275 Con.

226 2302 254 2345 et
278 2303 306 2345 tu
329 2305 404 2360 pater
425 2297 537 2360 Trojano
559 2311 616 2346 cum
642 2312 683 2360 eo,
705 2298 749 2362 qui
786 2296 906 2344 relation.
921 2296 1070 2360 Pbiloaopb.
1086 2296 1231 2362 ‘Atqaatn
1246 2301 1315 2350 banc

225 2370 751 2436 adoptavit,aroiciooimecontendia,pol·
788 2372 943 2420 sententiam
970 2372 1090 2421 Plutonia
1114 2387 1160 2422 occ
1195 2375 1312 2437 sananti,

226 2447 309 2496 cbriua
329 2444 441 2495 locritnc
463 2447 582 2510 genuinae
603 2449 690 2509 talem,
718 2461 750 2496 on
787 2444 876 2495 beatae
888 2444 943 2495 socc
955 2460 1024 2509 raop.
1043 2448 1065 2496 oi
1084 2462 1127 2497 aaa
1146 2449 1186 2497 vel
1204 2448 1314 2499 otadioci

227 2524 334 2585 elegiace
342 2521 359 2571 i‘
375 2522 443 2571 Vide
454 2537 512 2587 quae
531 2523 556 2571 in
574 2536 631 2573 eum
649 2538 751 2574 acorum
787 2519 922 2583 rapientia
939 2528 1067 2584 regerent,
1091 2524 1130 2571 vei
1148 2536 1235 2571 caram
1256 2538 1316 2575 rec·

227 2596 375 2646 Hadrianus
386 2598 441 2661 ipoe
453 2598 521 2661 apud
536 2599 655 2647 Diouem.
685 2597 752 2646 Lau·
788 2603 857 2646 turco
874 2596 980 2646 otadere
1002 2598 1136 2662 septenne
1153 2599 1316 2663 contigisset,

226 2671 306 2720 datet
316 2672 341 2720 in
351 2670 698 2736 AnthemioSidooius‚qnod
707 2674 752 2723 im·
787 2673 837 2720 doc.
870 2671 947 2720 Hanc
972 2673 1051 2735 igitur
1070 2675 1252 2724 auctoritatem
1273 2690 1313 2725 oc-

228 2749 327 2809 perium
347 2749 431 2810 potino
454 2749 585 2811 merendo,
605 2764 679 2813 quain
697 2764 753 2798 nar-
788 2753 872 2809 cutus‚
893 2748 960 2810 qood
977 2764 993 2797 a
1012 2756 1037 2798 te
1054 2749 1123 2797 inter
1139 2757 1243 2799 recreta
1262 2752 1316 2799 otia

228 2823 302 2870 cendi
330 2833 398 2871 sorte
432 2826 573 2886 acceperit,
608 2826 692 2874 carm.
720 2840 751 2877 ιι,
788 2820 936 2882 didiceram,
947 2822 1084 2871 transferre
1096 2823 1217 2872 inactum
1229 2825 1314 2888 publi·

227 2897 297 2943 ‘Soli
317 2897 362 2943 tibi
383 2899 491 2946 contulit
511 2900 553 2946 orni
574 2900 631 2947 Hoc
649 2901 752 2950 fortuna
788 2911 825 2946 cae
838 2898 1059 2946 administrationis
1070 2897 1175 2957 optavi'

227 2969 314 3027 decuo,
331 2982 481 3030 quiunquam
501 2978 527 3016 ta
546 2981 662 3031 posceret
679 2975 751 3036 ordo,
821 2972 873 3020 No.
884 2975 937 3020 278.
968 2974 983 3018 2
999 2971 1131 3017 Timcidico
1141 2970 1251 3032 princepe
1263 2971 1315 3019 bal·

227 3044 264 3093 Ut
280 3044 363 3091 lectur
381 3042 506 3105 Princeps
524 3058 607 3106 mage,
626 3052 751 3109 quumvi-
788 3047 820 3107 lo,
845 3047 900 3109 isc]
924 3046 963 3095 su
988 3044 1094 3093 t'ortaooe
1121 3045 1314 3108 corrigendum,

226 3120 304 3168 dcere
331 3118 454 3168 relictos!
505 3119 624 3169 lacertos
652 3123 750 3174 Auctor
790 3121 904 3170 licaeo.
937 3122 1001 3186 Eum
1021 3118 1147 3184 aiquidem
1170 3120 1314 3183 imperato-

226 3194 323 3257 Paneg.
343 3195 376 3243 ad
393 3195 575 3244 Maximianum
587 3206 614 3245 ct
626 3199 751 3249 Consumi-
788 3211 842 3245 rem
853 3198 929 3260 longe
942 3197 1077 3261 pessimum
1088 3203 1170 3257 notat,
1180 3196 1250 3254 qood
1262 3213 1313 3246 non

227 3271 318 3329 tinum,
338 3269 370 3317 de
393 3270 576 3320 Constantino:
601 3274 748 3336 ‘Siquidem
786 3270 813 3320 iu
825 3274 924 3321 martiia
936 3273 1091 3336 pulveribus,
1106 3272 1152 3319 ced
1165 3272 1189 3319 iu
1203 3271 1313 3333 produc·

227 3344 309 3405 ipsum
332 3344 465 3405 imperium
487 3346 534 3394 ioue
555 3345 610 3395 sore
636 3350 750 3411 pulcrius
787 3346 1150 3405 treMartia‚cxconcubiuio
1166 3346 1315 3408 praecipua,

223 3418 370 3481 judicabas,
380 3419 401 3465 oi
413 3419 438 3467 id
452 3434 500 3468 noo
517 3422 708 3472 haereditarium
717 3441 750 3475 cx
788 3422 981 3484 pulvinaribus:
1001 3435 1085 3483 neque
1101 3419 1235 3468 edevictis
1252 3419 1312 3467 bos-

228 3492 386 3540 aucccsuioue
398 3494 530 3557 creuioscs,
549 3497 593 3546 aed
611 3498 750 3549 virtutibus
787 3497 855 3545 tibus
875 3497 996 3559 triumphi
1014 3496 1106 3545 famam
1117 3495 1313 3558 quaciarigrc·

227 3565 278 3613 tuis
301 3565 416 3614 debitum
438 3582 452 3615 ι
474 3581 569 3618 summo
594 3573 751 3636 imperatore
786 3585 842 3620 rum
859 3573 986 3621 sordidam
1008 3572 1212 3634 immundamque
1233 3571 1311 3619 vitam

226 3640 379 3690 oneratam!
786 3647 813 3694 in
840 3648 994 3710 spectaculis
1027 3661 1156 3709 arenaque
1184 3646 1314 3706 gladiator

263 3717 311 3764 No.
332 3720 388 3766 276.
431 3722 443 3764 l
475 3717 562 3767 Vocula
584 3722 750 3787 Consultoque]
787 3722 931 3770 transierit:
958 3736 1104 3784 pugnasque
1127 3721 1237 3783 gesserit
1259 3722 1314 3781 gla-

227 3792 346 3851 Nomine,
368 3799 396 3840 ct
417 3794 533 3854 consilio,
554 3809 599 3844 ocu
623 3811 660 3859 re,
683 3802 750 3862 pino.
788 3797 830 3843 dio
841 3811 890 3845 non
902 3797 1016 3857 militari,
1026 3796 1071 3844 aed
1081 3797 1199 3856 threicio,
1209 3797 1313 3858 boccot,

226 3866 417 3915 ‘Conouituo'
452 3876 536 3917 autem
563 3871 750 3923 aubatantivum
787 3873 947 3935 gladiatorio.
981 3875 1078 3921 Notum
1095 3880 1136 3920 est
1154 3873 1220 3919 enirn
1232 3873 1312 3919 Thra·

228 3953 327 4004 quartae
355 3940 507 4002 inflexionis,
535 3943 574 3992 liic
602 3948 750 4005 notandum,
787 3961 830 3994 cea
847 3947 907 3994 olim
924 3956 1085 4008 arincupatoo
1105 3944 1313 3994 retiariooioisoe

227 4017 275 4064 niai
287 4016 354 4065 forte
367 4018 485 4066 Corcultio
502 4017 582 4081 legas,
600 4029 629 4070 ut
645 4023 671 4070 io
683 4026 749 4073 auti·
787 4021 951 4084 gladiatores,
963 4023 1006 4085 qui
1023 4022 1217 4070 ruirniillonibuu
1233 4036 1314 4085 oppo-

227 4105 277 4153 qoo
287 4091 337 4139 soit
348 4093 436 4140 codice
449 4093 583 4156 scriptum.
605 4096 709 4146 Viuetoo.
786 4104 918 4145 narentur.
951 4097 1047 4146 Scribit
1059 4097 1232 4159 Lampridius,
1241 4097 1315 4145 Com·

259 4172 275 4214 2
293 4168 382 4216 Nomen
399 4169 483 4216 bobeno
499 4170 590 4232 meriti]
611 4171 676 4219 Vide
693 4188 750 4235 qum
786 4172 888 4219 modum
900 4172 925 4219 iu
943 4187 1045 4221 arenant
1064 4171 1239 4232 descendisse,
1260 4173 1314 4234 gia·

227 4241 374 4303 Xipbilinuo
386 4244 411 4291 in
422 4242 518 4292 Antan.
531 4245 587 4293 Pio.
786 4245 962 4309 dictorumque
984 4254 1115 4296 certamen
1140 4248 1258 4308 oobiiasc,
1285 4255 1314 4296 ct

261 4317 310 4366 No.
326 4323 383 4367 art.
418 4319 498 4373 lQai
513 4321 694 4370 ocitoPlotouio
706 4323 751 4372 Fe·
786 4323 889 4370 nomina
908 4336 994 4370 corum
1015 4323 1145 4385 recepitne
1162 4336 1194 4370 eo
1212 4323 1314 4385 gaudio,

226 4393 258 4440 cit
278 4395 308 4440 od
326 4393 459 4455 imperium]
482 4395 600 4443 Bartliino
619 4397 683 4445 Jecit
702 4411 750 4448 xx.
786 4398 858 4460 qumi
879 4399 1025 4461 accepisset
1046 4399 1220 4462 triumphalia.
1260 4400 1308 4446 Lo·

228 4464 296 4515 Adv.
319 4482 342 4516 c.
362 4480 444 4516 xvrrt.
483 4468 537 4529 Ego
559 4470 637 4531 Vexit,
656 4471 681 4519 id
703 4479 752 4533 eat,
786 4473 845 4522 dum
857 4476 1107 4537 oernperingreuoum
1123 4490 1192 4535 cora,
1207 4482 1234 4524 ct
1248 4488 1307 4536 quo·

227 4542 435 4604 catoiit,evexit.
469 4544 599 4609 Frequens
611 4548 688 4611 enim,
706 4548 750 4598 iuti
787 4548 836 4598 tica
847 4549 1034 4613 ingrederetur,
1043 4550 1155 4612 publicio
1165 4561 1310 4599 monumen·
