2806 5234
623 238 798 282 [bittit.

104 344 108 491 J
162 383 312 447 Proxima
327 379 502 443 Lernaeum
515 379 599 442 terro
613 387 649 442 et
661 379 735 443 fuce
750 379 903 443 contudit
915 379 1060 465 hydram.

104 494 106 529 ³
159 483 235 549 Mox
250 481 512 565 Erymantheum
525 481 577 544 vis
592 480 691 544 tertia
704 481 848 564 perculit
862 502 989 565 aprum.

157 584 321 670 AEripedis
335 590 457 667 quarto
472 582 547 648 tulit
560 601 664 646 auree
677 600 802 646 comuu
815 583 916 647 cervi.

155 684 401 771 Stymphalidas
415 683 550 768 pepulit
562 682 714 750 volucres
729 682 921 748 discrimine
933 684 1057 768 quinto.
1221 690 1243 753 5

195 922 245 955 m
253 906 454 966 mensem
466 910 491 956 et
500 906 608 970 flumme.
632 906 727 955 Deinde
737 905 896 954 tertieelnbor
905 906 1026 966 interfecit
1035 922 1118 969 npnssr
1131 908 1245 971 equa.

266 971 362 1026 Quoto
369 971 448 1021 lubere
458 973 589 1034 reportarit
599 985 685 1020 cernitu
693 976 778 1021 curato
788 972 852 1019 cerui
862 971 980 1032 cmpedis.
1015 972 1105 1027 Quinto
1114 974 1197 1035 prelio
1203 974 1245 1031 su·

644 1147 749 1197 NOTAE

178 1271 193 1299 '
217 1271 312 1322 omer
332 1270 476 1320 Herculem
504 1269 578 1335 qussi
602 1269 677 1329 Ἥρω
717 1271 1119 1338 ryooem,deciruo‚triplicicunt
1132 1290 1244 1340 corpore

151 1345 326 1397 rtirrdicturn
339 1347 438 1395 volorrt.
472 1346 594 1410 Ejusdem
606 1346 678 1395 labo·
717 1347 790 1397 vicit.
830 1348 983 1412 Undecimo,
1008 1347 1154 1400 abstractus
1176 1353 1242 1402 vidit

150 1421 262 1488 resrpud
273 1422 353 1486 Virg.
362 1420 465 1472 AEneid.
476 1436 538 1472 rur.
549 1422 678 1474 Juvenum
718 1436 785 1472 nove
808 1422 938 1473 Cerberus
972 1432 1051 1475 estre.
1094 1427 1241 1483 Postremo,

150 1500 240 1552 (brus
250 1502 393 1551 etsensim
407 1499 487 1549 cenit.
507 1499 534 1547 Si
545 1499 600 1561 quis
612 1497 678 1547 Che·
719 1497 892 1560 Hesperidum
903 1498 987 1549 victor
998 1501 1057 1549 tulit
1068 1515 1149 1551 eursu
1158 1504 1243 1553 mele.'

150 1578 194 1627 mis
202 1578 370 1635 delectetur,
380 1574 459 1623 edent
467 1574 579 1623 Tullium
589 1574 614 1622 iu
625 1572 677 1622 tor·
719 1574 788 1623 Vide
798 1575 903 1625 Seneca
915 1577 1056 1627 Herculem
1066 1578 1179 1628 OEtrenm
1191 1588 1242 1628 eet.

151 1654 215 1703 ultis
231 1666 261 1717 p.
279 1655 323 1701 46.
358 1650 436 1699 Hanc
453 1650 487 1698 de
507 1649 622 1698 Hercule
639 1648 675 1698 fe·
718 1664 738 1699 r.
750 1666 786 1700 sc.
796 1655 820 1700 1.

154 1727 255 1790 bellem
266 1734 405 1790 totumque
418 1723 562 1774 febnlerem
574 1724 677 1773 histori·
751 1726 837 1775 Priutc
846 1727 963 1791 mmm]
976 1727 1079 1777 Primus
1090 1728 1164 1778 luber
1176 1728 1244 1778 Her-

151 1800 679 1865 emedclremiempertiuereibiesseri·
719 1803 771 1852 culi
791 1805 931 1867 imperetur
960 1806 992 1855 sb
1019 1807 1165 1871 Eurystheo
1186 1808 1244 1871 My·

150 1886 194 1930 tur.
212 1878 346 1943 ‘Angues
356 1875 426 1939 duo‚’
437 1876 490 1926 dno
501 1884 561 1925 sunt
571 1876 678 1940 spiritus
719 1893 844 1929 cenerum
856 1895 928 1945 rege,
939 1882 1050 1934 lunonis
1060 1883 1195 1933 instinctu.

151 1954 275 2015 mutes,
293 1950 397 2003 Acidus
414 1961 443 2001 et
460 1951 603 2016 Alcnlicus,
613 1966 678 2016 quos
753 1956 854 2004 cteosoei
864 1990 871 2006 .
883 1991 890 2006 .
902 1991 908 2003 .
919 1957 1004 2020 horus]
1033 1957 1128 2007 Leonis
1147 1959 1173 2006 in
1190 1959 1244 2008 Ne·

151 2028 276 2081 Hercula
293 2027 365 2079 fixo·
387 2027 513 2092 reddidit,
533 2028 582 2077 lroc
610 2028 678 2077 enim
718 2045 776 2079 mea
797 2031 869 2093 sylve
889 2030 1033 2095 interfecti,
1049 2031 1244 2095 juxteAclmim

152 2104 338 2167 Utenieirest,
351 2105 361 2132 ⁴
373 2102 530 2154 interficere'
541 2113 569 2153 et
580 2103 679 2153 ‘nturi’
718 2106 842 2169 oppidum
859 2107 978 2168 Cicones,
994 2106 1072 2155 situm
1089 2106 1116 2156 in
1134 2107 1177 2155 vie
1188 2122 1244 2172 qoae

152 2180 290 2233 ’Μ’
299 2186 346 2231 est
355 2178 449 2231 (lomus
460 2181 519 2229 selis
529 2176 591 2230 clear
605 2177 676 2229 tuus:
719 2181 752 2231 ab
762 2181 841 2246 Argis
857 2181 1008 2232 Corinthum
1019 2181 1101 2232 ducit.

152 2258 214 2308 uude
226 2256 342 2309 Herculi
359 2256 388 2305 in
406 2263 678 2316 veterenummoere,
751 2258 906 2309 blaerncrrr
923 2257 1033 2322 hydrum]
1063 2258 1153 2307 berum
1174 2259 1245 2308 lecus

152 2334 185 2385 cti
195 2334 265 2399 iguis
275 2333 305 2383 in
317 2331 395 2383 setini
406 2330 518 2381 fonnem
536 2332 679 2396 impetitos.
719 2343 859 2385 monstrum
867 2332 1095 2397 multiceps‚quod,
1103 2348 1163 2383 curn
1173 2333 1243 2384 ferro

150 2410 291 2477 ‘Hyleus'
310 2416 341 2460 et
354 2408 481 2458 ‘Pholus'
499 2409 607 2471 spiritus
631 2408 679 2457 im·
719 2424 769 2459 non
780 2410 1004 2472 posset,nbscissis
1015 2409 1145 2472 capitibus
1160 2414 1243 2472 repul·

152 2489 204 2552 peri
212 2495 288 2547 suut,
297 2502 331 2537 ec
339 2493 479 2536 terrestres
489 2493 517 2535 et
531 2485 679 2549 impetuosi.
720 2486 870 2545 tutapribus,
881 2487 941 2547 igne
951 2486 1055 2533 demum
1066 2485 1138 2533 vicit.
1167 2486 1243 2535 Unde

149 2563 252 2613 tultum
266 2561 496 2627 pigetimmorerh
513 2575 572 2625 qum
590 2562 631 2609 vel
648 2575 679 2609 eo
718 2560 835 2609 Seneca:
862 2560 952 2611 ‘Ouid
973 2574 1041 2607 saeua
1063 2558 1153 2606 Lerne
1174 2575 1244 2608 rnnn·

151 2636 320 2689 confutentur
329 2643 492 2700 menso,
502 2637 571 2701 quod
587 2634 681 2685 tubelle
720 2645 783 2696 stre,
802 2648 964 2682 numerosum
982 2633 1085 2693 molum,
1108 2633 1167 2680 Non
1187 2634 1246 2696 igne

151 2713 178 2765 tle
195 2714 320 2766 Hercule
334 2726 387 2763 non
397 2712 478 2774 surgis
488 2712 521 2761 ed
540 2711 681 2770 Cbcmioru,
720 2711 823 2760 demunt
835 2709 906 2763 vicit,
917 2723 947 2758 nc
957 2707 1047 2757 docuit
1059 2705 1123 2755 mori
1131 2705 1149 2752 Ρ

151 2804 224 2855 qum
235 2788 272 2839 ed
290 2788 433 2853 quemlibet
450 2788 525 2837 aliern
539 2796 621 2836 artem
634 2801 680 2836 seu
752 2793 767 2836 u
786 2785 982 2850 Erymantheum]
1000 2785 1076 2833 lllunr
1094 2783 1204 2845 scilicet,
1216 2792 1246 2833 ut

155 2863 321 2928 discipline·
330 2862 425 2913 referri
437 2864 532 2927 potuit.
719 2864 756 2911 ait
766 2864 874 2923 Seneca,
884 2863 1011 2911 ‘Solitum
1021 2861 1108 2910 densis
1118 2859 1244 2922 hispidum

183 2944 197 2989 l
217 2939 426 3002 meterent,
435 2939 487 3003 iro]
506 2940 608 2988 Praetcr
625 2938 681 2986 haec
721 2940 948 3002 Erymanthijugis
960 2937 1091 2987 Arcadica
1100 2945 1190 3000 petere
1202 2951 1246 2985 ne·

150 3014 331 3076 Monosticha,
359 3022 445 3065 extent
475 3016 502 3063 in
530 3014 680 3078 Virgillruis
720 3014 1047 3064 morrhltenuliuursucm)

151 3092 295 3144 Cetelectis
318 3099 345 3142 et
362 3091 418 3143 bec
434 3089 495 3153 elle,
506 3090 615 3155 Virgilio
630 3090 680 3138 cti·
752 3095 768 3138 t
786 3088 917 3150 AEripedis]
941 3089 982 3136 De
998 3088 1046 3136 hec
1059 3100 1121 3135 voce
1136 3087 1192 3149 jam
1204 3102 1246 3136 su·

153 3184 205 3233 em,
226 3176 257 3221 ut
275 3183 345 3232 reor,
372 3182 510 3234 perperam
533 3166 679 3216 attribute:
721 3179 769 3230 pre
779 3164 804 3212 in
817 3162 937 3213 retstibus
946 3161 1104 3222 animalium,
1114 3161 1172 3211 etin
1185 3161 1244 3211 Gri-

151 3240 333 3310 ‘conpressu
344 3245 453 3295 Nemees
464 3244 575 3308 primum
587 3242 682 3291 virtute
722 3242 773 3306 pho
785 3239 889 3289 ternarii
901 3239 1008 3310 numeri.

151 3323 262 3372 leonem.
305 3322 430 3372 Extincto
451 3328 492 3370 est
513 3320 604 3383 unguis
621 3333 680 3382 qum
755 3317 819 3365 Tulit
833 3330 904 3364 aurea
920 3329 1006 3362 corruo
1020 3314 1095 3376 cerui]
1108 3313 1172 3362 Cum
1184 3328 1243 3361 cunr

151 3397 353 3462 pulluletbydre
364 3396 486 3447 secundo.
501 3394 680 3444 Tertiuseric·
721 3407 806 3453 cursu,
827 3398 873 3439 aut
892 3390 977 3452 potius
993 3389 1091 3451 jaculo,
1111 3392 1246 3435 essecutus

151 3481 192 3523 tes
220 3489 264 3525 sus
291 3482 333 3523 est
366 3471 548 3536 Erymsnthins
582 3471 681 3533 ingens.
721 3476 792 3518 esset
812 3467 837 3515 in
866 3466 980 3514 hinnulo
1000 3463 1120 3512 Arcadiae
1150 3468 1247 3510 monte.

153 3550 281 3601 Cornibus
304 3551 402 3600 curetis
419 3563 524 3599 cervum
542 3554 621 3596 necet
641 3559 681 3594 or·
722 3541 866 3592 ‘Cervam’
893 3540 960 3588 dixit
985 3538 1058 3600 virg.
1086 3535 1187 3585 AEneid.
1207 3551 1245 3586 vt.

153 3625 323 3691 dineqnerto.
339 3625 439 3689 Dejicit
448 3624 579 3674 horrisono
590 3621 681 3686 quinto
722 3621 730 3647 ⁴
741 3618 842 3667 Fixerit
853 3615 992 3678 aeripedem
1003 3626 1107 3662 cervam
1115 3611 1197 3660 ticet:

152 3700 344 3766 Stymphelidus
359 3715 430 3751 ttrcu.
447 3700 565 3750 Abstulit
579 3698 681 3761 Hippo·
753 3702 767 3744 b
785 3693 963 3758 Stymphalidos
971 3687 1062 3752 pepulit
1078 3686 1192 3748 solenes]
1209 3685 1245 3735 A·

153 3779 214 3843 lptae
224 3786 303 3829 sexto
314 3792 360 3827 sne
369 3778 471 3827 vincula
482 3777 584 3825 vinctae.
617 3775 681 3837 Sep·
722 3787 766 3821 vcs
783 3772 809 3819 in
825 3762 1107 3833 StymphaloArcediae
1124 3763 1184 3811 lecu
1202 3762 1247 3812 im·

151 3855 231 3904 timus
253 3853 348 3917 Augim
367 3852 498 3903 stabulum
516 3849 681 3913 luboregerlt
720 3851 946 3908 morantes,tuntae
958 3838 1148 3904 magnitudinis,
1160 3846 1189 3890 ut
1199 3840 1244 3890 So·

153 3931 239 3980 undis.
271 3931 376 3981 Octavo
398 3929 497 3979 domuit
515 3941 607 3991 magno
629 3928 682 3976 luc·
721 3925 752 3972 lis
778 3921 863 3970 rudius
890 3917 1072 3968 obumbrarent
1105 3915 1242 3966 volentes:

157 4006 255 4055 tamine
292 4015 403 4054 taurum.
444 4005 511 4053 'I'um
544 4001 682 4053 Diomedis
722 4013 850 4065 qumaves
864 3990 1156 4047 Arcadiauusubant.

153 4094 243 4145 equos,
254 4096 332 4144 nouo,
343 4095 403 4131 cum
413 4094 477 4144 rege
488 4080 607 4143 peremit.
629 4078 682 4127 Ge·
