2850 5256
624 811 778 863 AUSONll

205 962 283 1027 Suis
298 959 438 1044 querelis
453 956 572 1022 asserit
586 963 716 1021 nostras
732 973 868 1038 preces:

247 1061 345 1140 Quas
360 1062 434 1143 ipse
447 1060 558 1124 lentus
574 1077 768 1142 prosequor.

205 1161 348 1226 Videbis
363 1161 483 1243 ipsum,
506 1160 618 1244 qualis
633 1164 719 1224 astet
734 1159 930 1234 comminus,

250 1263 367 1345 Imago
380 1262 519 1326 fortunae
536 1281 619 1336 suae,

206 1363 332 1439 Canus,
346 1380 514 1438 comosus,
528 1360 697 1443 hispidus,
712 1367 803 1438 trux,
818 1360 966 1436 attubus,

248 1463 468 1528 Terentianus
483 1462 651 1539 Phormio,

208 1565 358 1629 Horrens
374 1563 507 1646 capillis
523 1569 557 1628 ut
569 1564 716 1626 murinus
730 1562 858 1646 asperis

251 1666 412 1742 Echinus,
431 1672 489 1729 ont
504 1684 620 1729 versus
634 1667 709 1728 mei.

209 1770 278 1834 Hic
295 1787 386 1851 saepo
399 1768 506 1831 labus
519 1768 686 1831 messibus
699 1765 931 1847 vegrandibus,

254 1870 385 1934 Nomen
402 1889 545 1952 perosus
561 1869 676 1945 villici,

208 1973 364 2038 Semcnie
379 1990 464 2049 sera,
483 1971 555 2034 sivo
570 1969 708 2033 multum
723 1988 914 2052 praecoqua,

251 2073 297 2137 Et
311 2072 446 2137 siderali
460 2072 605 2148 inscitia,

165 2261 257 2310 soeiscit
269 2273 331 2309 meos
346 2258 483 2322 precessnis
493 2257 657 2322 qnsuroniis:
681 2271 739 2320 qans
757 2271 800 2320 ego
816 2257 878 2306 baad
896 2257 932 2305 iia
949 2261 1055 2320 pronsas
1071 2268 1199 2320 pransus
1219 2255 1263 2305 bas

167 2324 285 2388 Epistola.
322 2323 417 2373 Videbis
428 2338 489 2384 nm,
504 2325 580 2386 qualis
590 2327 637 2371 stes
647 2336 718 2386 prope
729 2328 762 2384 te,
778 2336 834 2370 sero
845 2323 932 2386 effigies
942 2336 990 2369 ssa
1000 2321 1081 2380 sortis,
1098 2335 1180 2380 cosas,
1188 2320 1261 2369 csa'as'·

166 2393 214 2450 tas,
229 2388 343 2448 bimias,
356 2388 440 2449 seros,
462 2386 550 2447 balbas,
569 2387 626 2434 sato
643 2400 738 2450 prorsas
759 2386 835 2448 qualis
851 2391 887 2434 est
906 2386 1019 2433 Phormio
1037 2387 1100 2448 apud
1119 2384 1262 2435 ferentin.

166 2451 289 2502 Horridas
296 2451 400 2500 ainus·
410 2451 507 2514 hirpinis
518 2457 628 2513 tanqum
646 2450 740 2499 sabinas
756 2450 870 2510 mas,
886 2454 930 2497 cai
948 2453 1059 2512 tssqaass
1076 2450 1262 2498 massulas.

170 2515 219 2566 His
236 2531 288 2565 cara
304 2530 365 2578 ηερε
379 2515 488 2579 deceptas
498 2515 588 2575 suisset
604 2515 720 2576 segetibus
737 2515 797 2563 arole
814 2514 912 2573 adsitis,
928 2513 1196 2576 mmmmm,
1208 2525 1262 2562 san

167 2581 258 2630 tardius
273 2584 371 2642 meret,
387 2585 429 2629 nat
448 2581 514 2629 calda
532 2579 611 2642 sitias,
628 2584 652 2628 et
670 2579 791 2640 ignoraret
811 2578 991 2628 observationem
1009 2581 1135 2641 mmm,
1151 2578 1264 2626 iam

621 2718 801 2742 ”OOOM‘

167 2832 253 2875 utrum
270 2829 303 2886 τῷ
321 2828 398 2888 magis
416 2832 495 2874 notum
515 2835 583 2876 esset
609 2825 817 2890 preferendum
846 2828 1057 2877 Tollius—val
1079 2825 1176 2876 Videbis
1190 2827 1261 2875 istan

168 2890 297 2952 vulg-9
304 2891 488 2952 Artobmvulg.
498 2890 548 2939 vid.
558 2889 670 2940 ind—28
679 2891 795 2955 ‘Placet,
802 2892 870 2956 quod
877 2906 1046 2956 parensmeus
1053 2892 1262 2954 excogitaverat:

661 3019 773 3072 NOTAE

199 3119 215 3163 8
226 3114 310 3176 Imago
315 3113 421 3174 fortuna
430 3116 545 3179 suae]1ta
558 3127 585 3167 ut
594 3133 627 3167 ex
636 3120 693 3183 ejus
733 3118 876 3177 confidens,
894 3133 969 3184 quarn
983 3117 1026 3168 ille
1038 3117 1210 3169 Terentianus
1221 3120 1261 3167 est

168 3199 277 3255 aspectu
288 3191 414 3255 dijudices
426 3194 512 3242 statim
529 3209 579 3258 qua
591 3194 692 3245 fortuna
732 3194 870 3244 Phormio!

168 3267 258 3329 dignus
270 3268 313 3330 sit,
329 3276 356 3316 et
376 3282 449 3329 quam
465 3283 556 3318 revera
568 3278 692 3333 expertus
766 3277 794 3320 ll
814 3272 922 3320 Homeris
932 3272 1032 3335 capillis,
1043 3271 1097 3334 bo]
1106 3271 1210 3322 Horatii
1221 3276 1262 3319 est

167 3343 210 3391 air.
243 3344 307 3392 Earn
329 3352 415 3392 autem
437 3360 493 3408 qun
515 3343 596 3393 fuerit
624 3345 691 3395 infra
733 3346 840 3408 Epodon
853 3347 912 3396 Ode
931 3361 957 3395 v.
969 3349 994 3395 iu
1006 3346 1158 3396 Canidiam:
1176 3346 1262 3395 ‘llor-

167 3418 291 3480 explicat.
733 3429 773 3470 ret
790 3422 901 3485 capillis,
916 3431 945 3471 ut
964 3423 1087 3483 marinna,
1106 3422 1215 3486 asperis,
1228 3422 1260 3471 E-

200 3500 216 3542 9
237 3492 351 3556 duabus]
373 3493 416 3542 Sic
440 3495 551 3544 restitnit
569 3494 693 3558 Scaliger,
733 3498 834 3552 chinus,
847 3496 1099 3560 antcnrrenaaper!

168 3582 215 3630 pro
227 3567 349 3616 mendoso
360 3567 465 3623 artabas,
480 3575 506 3617 et
518 3568 606 3617 laudat
617 3571 691 3618 Glos·
751 3578 781 3622 lu
800 3574 918 3623 Massilia
930 3573 1098 3637 vegrandibus]
1115 3574 1173 3624 Non
1186 3588 1262 3637 gran·

168 3644 261 3692 narium
273 3651 357 3704 vetus,
374 3645 398 3692 in
410 3659 475 3708 quo:
493 3646 607 3694 ditabor:
625 3663 691 3706 μογι-
731 3649 815 3710 dibus,
829 3651 895 3698 male
915 3650 1065 3711 grandibus.
1094 3651 1174 3701 Osid.
1191 3651 1262 3700 Fast.

168 3716 251 3779 adam,
269 3717 366 3780 ninas,
382 3717 476 3768 limos.
511 3719 552 3768 Ab
568 3721 616 3769 hoc
634 3736 691 3783 pos·
732 3725 829 3774 lib.rrr.
844 3725 897 3774 Ubi
909 3726 941 3773 de
956 3726 1065 3788 Vejove:
1078 3725 1173 3776 ‘Nunc
1184 3741 1261 3777 vocor

168 3802 252 3844 tremo
263 3795 358 3858 Atypnr
369 3803 408 3843 est
419 3792 488 3856 apud
507 3795 575 3844 Geli.
595 3796 642 3844 lib.
653 3810 692 3844 rv.
732 3800 765 3849 ad
786 3815 886 3850 nomen.
919 3801 1069 3863 vegrandia
1087 3801 1158 3851 farra
1168 3803 1261 3866 coloni,

168 3884 225 3932 cap.
246 3874 270 3918 2.
296 3870 412 3918 ‘Balbus
433 3878 519 3918 autem
541 3877 567 3919 et
591 3870 692 3933 Aryprra
733 3877 798 3926 Quat
809 3877 875 3924 male
895 3883 1043 3938 creverunt,
1059 3891 1189 3943 vescaque
1204 3893 1260 3944 par·

167 3945 253 3992 vitiosi
274 3945 363 4005 magis,
389 3960 463 4009 qnam
486 3947 595 3997 morbosi
615 3947 692 3998 sunt!
733 3966 764 4000 va
777 3960 878 4002 vocant.
912 3952 959 4001 Via
971 3968 1001 4002 aa
1018 3954 1039 4001 ai
1056 3954 1129 4004 verbi
1149 3963 1199 4018 eat,
1216 3969 1260 4006 cor

167 4020 203 4068 Et
215 4019 282 4082 apud
302 4020 439 4081 Ulpianum
461 4021 491 4070 L.
511 4021 578 4070 idern
598 4022 692 4071 Ofilius
733 4041 782 4076 non
800 4043 849 4090 ego
862 4028 968 4091 Vejoris
987 4028 1079 4087 adem,
1098 4028 1193 4080 AEdem
1212 4045 1259 4082 nou

170 4099 208 4142 1⁰.
221 4097 242 4157 i.
260 4096 396 4159 quaesitum
408 4093 434 4143 ff.
450 4095 483 4145 de
496 4097 609 4146 lEdilitio
623 4097 691 4145 edic·
733 4102 819 4164 magni
831 4104 948 4166 suspicer
960 4118 1016 4152 ease
1028 4103 1101 4153 Jovis
1110 4105 1137 4153 i‘
1155 4108 1257 4156 Festus:

168 4176 212 4217 to:
238 4170 402 4220 ‘Quasituns
423 4180 464 4220 ert
487 4187 518 4220 au
540 4172 641 4233 balbus,
666 4180 692 4222 et
733 4178 893 4240 ‘vegrande
906 4179 1044 4242 significari
1057 4181 1100 4229 alil
1112 4183 1186 4232 ainnt
1196 4183 1259 4234 rosis

167 4242 270 4306 bissus,
280 4253 307 4293 et
327 4251 429 4308 atypus,
448 4248 520 4311 isque
538 4249 581 4312 qni
594 4248 692 4298 tardius
732 4252 841 4314 grande,
851 4263 880 4303 ut
892 4270 989 4317 vecors,
1000 4272 1121 4318 vesanus,
1133 4261 1196 4309 mali
1207 4275 1258 4310 cor·

167 4319 289 4382 loquitor,
310 4327 335 4369 et
355 4321 447 4383 Varus,
466 4331 493 4372 et
510 4324 692 4373 Vatiuasanus
733 4327 781 4386 dis,
801 4330 918 4394 maleque
947 4346 1031 4381 sanus.
1071 4333 1127 4381 Alii
1148 4348 1259 4398 parvom,

166 4397 216 4444 rit?
228 4406 254 4445 et
264 4398 355 4460 opinor
367 4413 409 4446 eor
420 4414 495 4448 aanor
507 4401 581 4450 esse!
733 4404 787 4452 sive
804 4406 936 4466 minutum,
957 4415 986 4456 ut
1008 4423 1065 4457 cum
1086 4408 1198 4460 dicimus
1220 4426 1258 4461 se·

201 4475 231 4517 10
245 4473 399 4521 Terentianus
411 4474 534 4538 Phormio]
546 4477 638 4525 Cicero
647 4492 692 4539 pro
734 4477 1076 4542 graudefrumentrrm,’&e.
1105 4483 1205 4534 Nonius
1216 4486 1260 4536 eti·

169 4545 273 4594 Casina
285 4546 317 4595 de
336 4549 418 4598 Sento
437 4550 527 4599 erudio
540 4553 692 4600 Phormione
734 4569 773 4603 um
787 4555 793 4582 ¹
805 4555 877 4603 valde
889 4557 995 4618 grande’
1006 4558 1155 4621 significare
1166 4561 1214 4611 ait.

168 4625 252 4668 teste:
271 4621 346 4670 ‘Nec
359 4623 439 4672 minua
452 4624 535 4688 niger,
550 4640 598 4676 nec
611 4628 692 4677 nrious
776 4634 807 4680 lo
834 4631 938 4684 siderali
968 4633 1077 4696 inscitia]
1103 4636 1259 4687 Necessaria
