2806 5234
516 775 564 823 no
589 773 798 825 nusouruu.
1139 758 1203 824 873

113 917 266 994 Visibus,
280 923 314 981 et
327 934 417 980 nune
432 934 491 998 spe
506 915 687 998 sequimur,
702 916 792 999 quod
808 924 917 980 mento
931 917 1094 995 videmus,
1138 916 1204 981 175

114 1018 317 1101 spernentes
331 1018 443 1080 varias
457 1035 565 1080 rerum
581 1017 777 1098 spectacula
793 1016 927 1094 formas,

115 1118 161 1182 Et
174 1119 261 1182 male
276 1137 456 1201 corporeos
470 1120 559 1182 bona
575 1119 781 1183 solicitantia
796 1119 903 1183 visus.

112 1218 273 1283 Attamen
288 1218 362 1283 haec
378 1219 507 1282 sedisse
521 1218 588 1281 illis
601 1220 765 1282 sententia
779 1222 856 1284 visa
870 1227 937 1296 est,

112 1321 203 1385 Tota
216 1321 338 1404 quibus
349 1320 421 1404 Jam
435 1321 494 1384 lux
509 1320 627 1403 patuit,
642 1321 778 1404 verique
792 1322 950 1404 bonique,

113 1420 257 1486 Venturi
272 1426 430 1486 arternum
445 1422 550 1499 soecli,
566 1424 790 1506 etproesentis
804 1425 912 1486 inane.
1143 1420 1205 1486 180

32 1526 40 1539 “
157 1522 205 1587 At
218 1522 299 1586 milri
313 1542 379 1586 non
395 1522 513 1587 eadem
530 1523 584 1586 cui
601 1520 721 1604 gloria,
737 1543 795 1588 cur
809 1523 927 1587 eadem
942 1525 987 1587 sit

116 1623 244 1688 Famal
290 1622 391 1686 Fides
406 1624 478 1687 voti
491 1643 554 1706 par
567 1629 628 1700 est,
641 1625 701 1688 sed
716 1644 847 1689 amoena
861 1625 997 1700 colenti,

116 1725 217 1790 Nunc
229 1723 330 1788 etiam
345 1732 379 1788 et
392 1723 517 1788 blanda
531 1725 645 1807 posito
661 1725 838 1808 locupletis
851 1727 886 1788 in
899 1734 978 1789 acta

113 1824 259 1901 Litteris,
272 1825 359 1890 unde
372 1825 446 1890 haec
457 1824 528 1909 jum
544 1830 612 1889 tom
625 1826 782 1891 festinata
795 1828 942 1892 locorum

114 1926 246 1992 Invidia
261 1927 337 1990 esti
359 1928 486 1990 utinam
502 1926 618 2010 justus
631 1948 684 1992 me
701 1950 836 2012 carpere
852 1930 938 1993 livor
1009 1985 1011 1989 Α
1141 1925 1205 1992 185

114 2023 276 2112 Incipiat,
293 2027 419 2092 Christi
432 2028 496 2090 sub
511 2030 640 2092 nomine
653 2031 775 2112 probru
790 2029 980 2113 placebunt.

114 2129 195 2195 Nou
209 2131 334 2214 patitur
347 2136 493 2194 tenerum
507 2150 601 2194 meus
615 2130 762 2195 Numine
777 2131 873 2194 firma
888 2132 1057 2214 pudorem,

114 2232 158 2297 Et
171 2232 247 2296 laus
261 2233 314 2295 hic
330 2237 497 2297 contemtu
510 2231 595 2295 redit
608 2231 688 2296 mihi
702 2231 821 2316 judice
838 2232 982 2297 Christo.

158 2332 192 2397 N
194 2355 213 2398 e
228 2354 281 2397 me
297 2335 408 2416 igitur,
423 2332 605 2398 venerande
619 2353 750 2416 parens,
765 2335 816 2398 his
831 2341 867 2399 ut
879 2334 965 2398 male
980 2352 1109 2397 versum

112 2433 299 2519 Iuerepites
313 2435 445 2513 studiis,
461 2455 569 2519 neque
584 2455 637 2498 me
652 2437 705 2499 vel
721 2436 862 2519 conjuge
877 2455 1011 2518 carpas,
1138 2433 1203 2498 190

112 2533 184 2600 Vel
198 2537 312 2600 mentis
326 2537 426 2601 vitio:
450 2556 515 2600 non
530 2538 635 2601 anxia
650 2537 915 2619 Bellerophontis

115 2637 216 2701 Mens
231 2647 291 2715 est,
305 2658 368 2704 neo
382 2639 549 2722 Tanaquil
563 2639 655 2716 mihi,
671 2639 733 2702 sed
749 2638 905 2702 Lucretia
917 2636 1053 2720 conjux.

116 2739 192 2803 Nee
207 2740 284 2802 mihi
298 2760 385 2805 nuuc
400 2741 503 2823 patrii
519 2746 572 2805 est
584 2738 637 2824 (nt
652 2738 721 2822 vis)
735 2741 861 2803 oblivio
876 2740 966 2817 coeli,

117 2840 184 2918 Qui
201 2861 365 2906 summum
381 2847 540 2925 suspecto
555 2849 699 2924 patrem,
715 2861 814 2924 quem
829 2842 887 2924 qui
904 2842 985 2905 colit
998 2861 1112 2918 unum,

115 2943 184 3008 Hic
200 2964 274 3008 vere
286 2964 412 3009 memor
426 2950 478 3008 est
492 2944 589 3009 uoeli:
613 2943 711 3008 crede
725 2962 814 3025 ergo,
828 2949 931 3024 pater,
944 2960 1005 3006 nos
1141 2939 1204 3004 195
1246 2962 1254 2977 ·

116 3045 193 3108 Nec
206 3045 285 3107 coeli
297 3046 511 3120 immemores,
524 3065 586 3109 nec
599 3045 710 3109 vivere
723 3046 841 3108 mentis
856 3051 1002 3123 egentes,

114 3144 353 3226 Humanisque
367 3144 490 3224 agitare
503 3144 605 3225 locis3
626 3146 736 3210 studia
750 3147 828 3228 ipsa
842 3145 970 3226 piorum

114 3246 294 3309 Testautur
306 3263 417 3307 mores
432 3244 615 3311 hominum:
636 3266 695 3311 nec
708 3247 796 3311 enim
811 3244 916 3325 impia
932 3259 1096 3304 summum

116 3347 210 3410 Gens
226 3334 348 3430 poterit
361 3345 495 3410 novisse
511 3346 640 3428 Deum3
664 3350 730 3412 sint
743 3347 850 3411 multa
862 3346 1021 3420 locorum,

118 3448 230 3511 Multa
243 3447 411 3512 hominum
427 3447 548 3512 studiis
563 3448 700 3526 incultu,
716 3449 866 3531 expertia
881 3447 1001 3527 legum,
1142 3441 1207 3508 200

117 3548 205 3626 Quae
219 3551 309 3632 regio
325 3549 445 3630 agresti
459 3549 525 3612 ritu
541 3551 655 3614 oaretl
679 3556 737 3613 aut
751 3549 831 3632 quid
847 3546 993 3611 honestis

120 3648 323 3733 Improbitas
338 3649 448 3714 aliena
462 3651 585 3714 nocetl
609 3651 686 3733 quid
704 3656 738 3715 tu
751 3652 832 3714 mihi
845 3655 958 3715 vastos

117 3750 299 3817 Vasconiae
313 3753 433 3829 saltus,
448 3761 483 3815 et
498 3752 655 3836 ninguida
668 3753 811 3819 Pirenaei

606 3938 716 3989 NOTAE

148 4052 492 4116 lsslcureodemrr'tl'umu]
510 4051 643 4102 Naurum
683 4066 783 4100 rumore
806 4049 983 4111 crederentur,
1010 4063 1040 4098 ea
1068 4054 1127 4097 voto
1153 4047 1207 4112 eju·

115 4130 212 4178 Paulus
231 4131 273 4178 ille
285 4128 429 4193 AEgyptiur,
448 4142 495 4176 nec
507 4126 643 4183 Antonius,
683 4125 837 4186 convenire3
854 4126 896 4189 qui
920 4123 1060 4172 solitariam
1081 4123 1150 4172 illum
1172 4123 1209 4171 ri·

115 4218 166 4253 nec
189 4204 314 4264 llilsrion,
343 4218 391 4253 nec
412 4203 567 4263 Machnriur,
595 4218 643 4252 neo
684 4205 774 4252 tamin
788 4202 875 4266 primis
893 4201 1025 4264 probaret,
1041 4207 1067 4246 et
1086 4205 1208 4262 optaretr

114 4281 250 4345 quisquam
267 4297 300 4330 ex
319 4281 413 4329 sanctis
433 4280 482 4327 illis
497 4280 641 4341 Monaclris,
683 4279 797 4341 quamvis
810 4278 893 4327 adhuc
906 4291 1006 4325 umoena
1021 4274 1154 4337 Hispaniae
1172 4274 1209 4324 lo·

113 4366 140 4406 et
153 4365 239 4406 tamen
252 4358 331 4406 vorin
343 4359 373 4406 iis
384 4372 423 4404 me
436 4356 538 4418 ponitis.
566 4356 641 4404 Unde
682 4369 713 4404 ea
724 4355 858 4415 incoleret,
876 4368 925 4402 non
938 4360 1023 4400 vastus
1035 4350 1130 4414 aliquae
1149 4349 1209 4398 roll·

113 4434 156 4484 ini
169 4435 203 4483 de
214 4449 255 4483 me
264 4434 383 4497 dissipati
392 4432 525 4481 rumores?
538 4431 642 4480 Vinctus.
682 4429 793 4490 tudiuer,
809 4438 837 4477 ut
855 4429 881 4476 in
899 4428 991 4492 quitrnr
1004 4427 1112 4476 Paulum
1135 4427 1206 4476 illurn

147 4514 195 4560 182
208 4509 341 4560 Fidesvotr'
350 4523 395 4572 pur
405 4508 451 4570 ert]
463 4507 641 4557 Hoefortarse
682 4512 808 4554 mortuum
826 4503 921 4568 ferunt,
938 4511 965 4554 et
984 4502 1017 4552 ab
1036 4500 1150 4554 Antonio
1166 4516 1206 4555 re·

115 4586 170 4636 uult
179 4587 321 4636 Paulinus:
340 4599 396 4650 qun
413 4583 446 4634 de
464 4583 509 4633 illo
528 4598 560 4634 ex
576 4583 642 4632 falso
682 4583 790 4646 pultum.
808 4581 881 4631 ldrm.
