2806 5234
536 729 587 775 AD
612 728 820 781 susurrium.
953 766 956 772 ·
1156 724 1221 789 879

131 871 153 935 J
158 878 278 936 unctus
294 890 384 935 eram
401 873 531 937 studiis.
578 874 658 938 Hoc
671 893 730 938 uec
745 882 895 956 gestasse
912 876 1044 958 quidam
1059 898 1112 944 me

133 972 278 1037 Assem:
299 992 442 1055 namque
458 976 710 1063 paraqsubeuut
719 975 821 1059 juga:
843 996 939 1040 nemo
955 976 1104 1043 valentes

134 1073 280 1156 Copulat
295 1074 451 1139 infirmia:
473 1094 581 1158 neque
593 1083 672 1155 sunt
685 1077 865 1142 concordia
877 1077 993 1153 fraena,

132 1175 169 1239 Si
184 1177 228 1238 sit
241 1173 425 1256 compulsis
439 1196 592 1240 mensura
600 1177 768 1259 jugalibus
782 1178 901 1260 impar.

131 1277 169 1340 Si
185 1275 326 1340 vitulum
341 1283 447 1353 tauro,
462 1279 515 1341 vel
527 1297 649 1360 equum
662 1281 840 1344 committis
856 1299 991 1364 onagro,
1175 1284 1222 1367 35

133 1376 171 1440 Si
185 1378 320 1441 coniers
333 1376 454 1440 fulicas
469 1379 598 1459 cycnis,
612 1385 644 1442 et
660 1378 790 1444 acdona
801 1401 920 1463 parrae,

133 1477 311 1541 Casteueis
326 1477 467 1561 corylos,
490 1497 606 1560 requas
622 1480 759 1544 vibuma
774 1484 955 1564 cupressis,

134 1578 193 1643 Me
208 1597 371 1662 compone
386 1579 466 1643 tibi:
488 1580 548 1642 vix
558 1580 690 1645 Tullius
704 1588 737 1646 et
753 1582 851 1647 Maro
867 1591 978 1649 tecum

135 1680 328 1744 Sustineant
338 1679 467 1761 aequale
477 1679 612 1762 jugum:
634 1681 664 1744 si
675 1681 796 1764 jungar
810 1703 933 1761 amore,

135 1781 215 1845 Hoc
228 1788 357 1844 tantum
372 1781 433 1844 tibi
447 1801 501 1845 me
511 1781 639 1864 jactare
655 1783 786 1849 audebo
796 1785 943 1867 jugalem
957 1807 965 1865 ;
1179 1794 1222 1856 40

134 1882 213 1961 Quo
228 1882 395 1947 modicum
410 1883 513 1949 sociis
528 1904 648 1966 magno
662 1886 827 1951 contendit
841 1887 979 1953 habenis

134 1984 255 2048 Dulcis
270 1986 417 2049 amicitia
431 1992 554 2050 aeterno
568 1987 649 2051 mihi
663 1986 787 2051 foedere
800 1995 921 2063 tecum,

134 2085 179 2149 Et
190 2085 328 2167 paribus
340 2105 473 2169 semper
485 2088 677 2153 redamandi
690 2089 821 2171 legibus
839 2108 946 2170 aequa.

135 2185 215 2249 Hoc
230 2192 342 2251 nostra
355 2186 485 2251 cervice
495 2187 614 2271 jugum
628 2207 693 2252 non
706 2208 819 2253 scaeva
833 2188 968 2253 resolvit

70 2370 73 2374 ἡ
135 2287 273 2364 Fabula,
287 2307 354 2352 non
370 2270 468 2353 terris
482 2289 633 2354 absentia
647 2289 748 2372 longa
762 2290 902 2356 diremit.
1179 2294 1222 2359 45

135 2387 210 2453 Nec
225 2389 378 2472 perimet,
392 2397 468 2455 tuto
481 2390 563 2456 licet
575 2392 747 2457 abstrahar
761 2392 852 2468 orbe,
865 2392 920 2455 vel
932 2411 1017 2457 aevo.

135 2489 317 2572 Nunquam
333 2491 445 2556 auimo
458 2491 586 2555 divisus
601 2512 717 2573 agam:
739 2493 831 2575 prius
846 2492 921 2575 ipsa
932 2493 1063 2556 recedet

135 2588 285 2674 Corpore
299 2592 368 2658 vita
381 2612 471 2671 meo,
485 2611 586 2676 quam
600 2600 707 2656 vester
722 2598 857 2676 pectore
872 2592 995 2656 vultus.

181 2763 255 2847 Ego
269 2773 302 2829 te
316 2786 374 2850 per
385 2787 483 2832 omne
496 2768 588 2851 quod
604 2766 721 2833 datum
735 2768 930 2834 mortalibus

220 2865 263 2931 Et
277 2866 476 2933 destinatum
490 2867 654 2933 saeculum
669 2876 733 2946 est,

174 2967 358 3034 claudente
371 2970 479 3035 donec
492 2970 689 3036 continebor
703 2989 852 3056 corpore,

221 3060 405 3133 nisceinar
418 3072 500 3134 orbe
514 3072 674 3153 quolibet,

177 3169 254 3233 Nec
269 3170 349 3233 orbe
363 3169 470 3250 longe,
485 3189 546 3234 uec
560 3179 718 3252 remotum
734 3174 870 3249 lumine,

219 3271 358 3334 Tenebo
372 3270 464 3334 libris
478 3270 623 3351 insitum,

176 3371 311 3436 Videbu
326 3371 437 3448 corde,
451 3380 561 3437 mente
575 3375 776 3456 complectar
789 3374 847 3457 pia

221 3473 355 3557 Ubique
371 3481 565 3561 praesentem
581 3476 671 3539 mibi.

178 3573 310 3639 Etcum
325 3576 454 3641 solutus
468 3575 637 3659 corporali
653 3595 797 3653 carcere,

222 3677 392 3759 Terraque
405 3677 638 3760 provolavero,

179 3775 257 3856 Quo
272 3799 325 3841 me
337 3779 459 3843 locarit
473 3797 538 3843 axe
555 3780 739 3842 communis
754 3779 868 3855 Pater,

221 3876 295 3944 Illic
312 3899 443 3962 quoque
458 3888 492 3944 te
508 3879 620 3945 auimo
632 3899 755 3961 geram.
1183 3880 1226 3945 60

628 4041 738 4093 NOTAE

168 4145 201 4188 36
218 4139 322 4201 ruem]
338 4138 408 4188 Aves
429 4139 515 4202 nigras
536 4139 661 4189 columbis
701 4139 759 4187 olim
771 4138 878 4199 dictam,
895 4154 952 4202 quae
965 4144 1055 4202 postea
1066 4136 1168 4186 Gallico
1183 4151 1225 4187 ru·

135 4215 206 4265 haud
218 4215 337 4278 majores,
352 4216 388 4264 ita
399 4214 481 4264 dictas
500 4230 516 4264 u
534 4215 661 4279 fuliginea
701 4213 792 4262 cabulo
802 4212 881 4263 etiarn
897 4213 988 4274 legioni
1007 4225 1098 4261 nomen
1118 4211 1227 4261 dederat

133 4293 231 4341 colore.
263 4290 619 4342 videchariermenviuus.
701 4290 819 4341 Alaudae.
847 4289 1044 4347 Harremutra,
1055 4288 1150 4337 illustri
1161 4288 1226 4350 pris·

169 4367 264 4430 Parra]
281 4367 398 4431 liujusce
408 4367 462 4418 aris
475 4368 592 4418 meminit
607 4366 660 4416 Pli-
701 4365 724 4414 ei
735 4364 844 4413 nominis
855 4363 948 4413 Gallici
962 4361 1077 4421 vestigio.
1091 4362 1195 4411 Visetur.
1226 4398 1229 4403 .

134 4441 586 4495 ntueflnelib.1i.abiuocerrut
606 4441 661 4504 api·
731 4443 764 4489 lu
784 4440 837 4500 Ego
859 4442 882 4487 te
902 4452 944 4500 per
965 4435 1041 4498 aurae]
1067 4436 1159 4485 Priora
1178 4451 1226 4487 suu

135 4535 192 4572 cem
203 4534 261 4572 esre
273 4520 298 4570 iu
312 4520 414 4584 capite:
432 4517 501 4569 uude
518 4517 661 4568 udeettun
701 4514 815 4565 lambica
826 4514 932 4565 resumit
942 4513 1076 4563 Penlbms.
