2850 5256
204 753 292 820 loeet
555 762 663 812 uorat
687 762 892 811 t'aatonuu
914 763 952 811 rrt

206 907 417 960 caremteaimom
446 911 474 953 ot
496 904 653 953 tricesimum
674 918 731 953 aex·
766 902 881 967 felixque
899 904 932 952 sit
949 903 1106 968 Imperatori
1127 907 1224 958 Cesari
1237 897 1298 960 nist

204 993 260 1036 turn
272 984 305 1034 ab
316 984 396 1032 Roma
406 979 521 1041 condita,
529 986 556 1027 et
562 980 730 1029 centesimum
766 978 829 1036 tilio,
841 977 967 1042 Augurto,
977 980 1051 1030 Patri
1059 983 1162 1044 patrie,
1172 982 1297 1034 Pontifici

204 1056 503 1125 etquiuotuurdecirnutn
520 1062 581 1105 aute
600 1057 730 1106 Christum
767 1054 891 1111 Maximo,
901 1054 1048 1105 Tribunicio
1069 1063 1202 1118 potestate
1219 1060 1296 1109 trice·

204 1145 300 1186 uatum.
333 1132 388 1180 Aba
407 1145 458 1194 qua
472 1131 554 1194 prirna
565 1131 730 1192 deductione,
766 1130 856 1178 sirnutu
867 1138 997 1193 quartum,
1005 1132 1119 1197 conjugi,
1130 1134 1228 1195 liberis,
1235 1150 1295 1199 geu·

204 1225 256 1261 uon
275 1208 376 1269 dubito,
393 1207 455 1271 quin
476 1206 564 1256 Narbo
574 1207 609 1255 sit
620 1207 730 1255 Martius
766 1204 838 1269 tique
856 1205 920 1268 ejus,
940 1206 1056 1263 Senatui,
1074 1210 1225 1273 populoque
1244 1211 1295 1260 Ro·

204 1283 417 1348 cognominatus:
444 1281 559 1344 quamvio
583 1281 610 1330 iu
637 1295 730 1343 cogno·
765 1294 848 1340 mano,
864 1287 892 1328 et
902 1281 1010 1342 colonis,
1022 1282 1164 1348 incolisque
1184 1287 1293 1334 colonie

203 1368 318 1410 mantum
338 1358 407 1407 unda
422 1358 559 1417 invenerit,
570 1364 728 1421 compertum
764 1355 841 1406 Julian
853 1354 973 1405 Pateruae
990 1358 1119 1408 Narbonia
1128 1359 1231 1422 Marcii,
1249 1362 1293 1425 qni

204 1449 254 1485 nou
274 1434 391 1483 babeam.
424 1433 516 1482 Cicero
536 1447 582 1495 pro
602 1433 728 1481 Fonteio:
765 1444 793 1478 se
804 1430 900 1478 numiui
911 1431 965 1494 ejus
977 1431 1003 1480 ln
1015 1441 1168 1496 perpetuum
1180 1437 1290 1485 colendo

199 1512 268 1560 ‘Est
279 1510 305 1560 iu
320 1510 408 1559 codem
421 1509 553 1571 provincia
564 1507 652 1557 Narbo
660 1508 728 1557 Mar·
764 1505 953 1570 obligaverunt,
982 1507 1055 1569 plebs
1083 1510 1290 1561 Narbonensibus

205 1587 266 1647 tius,
276 1587 378 1634 colonia
387 1593 533 1634 nostrorum
550 1586 653 1644 ciuium,
670 1598 727 1647 ape·
765 1595 834 1630 aram
858 1581 981 1630 Narbona
1002 1583 1028 1630 iu
1053 1583 1111 1634 l'oro
1133 1588 1234 1650 posuitt
1258 1589 1290 1637 orl

203 1663 263 1711 cula
273 1661 361 1723 populi
373 1661 491 1718 Romani,
506 1674 537 1708 ao
549 1673 727 1723 propugnacu·
764 1670 841 1720 qnam
860 1657 998 1719 quotannis
1015 1672 1084 1708 nono
1099 1660 1227 1711 Calendar
1237 1662 1290 1712 Oc·

203 1738 256 1786 loru
267 1736 322 1785 istis
340 1736 400 1798 ipsis
418 1734 564 1784 nationibus
580 1735 728 1798 oppositum
765 1729 923 1793 tobres,qua
934 1729 976 1781 die
995 1746 1053 1782 enm
1072 1736 1161 1784 nenti
1181 1736 1291 1787 felicitas

204 1809 393 1873 cronicorum)
425 1810 496 1858 Mela
515 1810 581 1859 libro
597 1808 726 1859 secundos
764 1804 819 1854 orbi
838 1813 963 1854 terrarum
981 1814 1110 1857 rectorem
1128 1810 1219 1874 edidit,
1237 1821 1291 1862 tres

201 1884 271 1934 ‘sod
296 1889 410 1933 antestat
436 1897 525 1932 omues
551 1881 727 1945 Atacinorum,
763 1880 865 1944 equites
877 1881 984 1929 Romani
1005 1896 1021 1930 a
1041 1882 1127 1946 plebs,
1149 1893 1177 1935 et
1194 1888 1244 1936 tres
1262 1888 1292 1937 li.

204 1957 727 2023 Decumauoruurquecolonia:uodeolirn
764 1955 868 2013 bertini,
888 1956 985 2006 bostias
1007 1957 1120 2022 singulas
1141 1961 1289 2013 immolent:

203 2034 236 2084 iis
246 2035 322 2084 torrir
334 2033 464 2093 auxilium,
481 2046 550 2080 nunc
561 2039 588 2080 et
597 2045 687 2081 nomeu
699 2041 727 2083 et
764 2037 792 2080 et
807 2030 915 2093 colonis,
931 2038 959 2080 et
977 2031 1076 2096 incolis,
1093 2033 1128 2083 ati
1146 2037 1292 2100 supplicau-

204 2110 285 2160 doons
296 2116 344 2170 est,
359 2109 469 2159 Martius
483 2108 588 2159 Narbo!
619 2107 644 2158 A
657 2109 728 2158 llar-
764 2105 823 2154 dnrn
834 2105 932 2154 numini
945 2106 1011 2169 ejus,
1029 2108 1096 2171 tbur,
1111 2116 1138 2159 et
1156 2111 1241 2160 vinnrn
1257 2111 1292 2162 tle

204 2184 499 2248 tialegiono‘Martiotn
510 2182 727 2245 Narbouern’ap·
764 2194 820 2242 aco,
840 2195 871 2230 ea
892 2180 936 2229 (iio
957 2189 1090 2245 prestent.
1141 2187 1177 2236 Et
1199 2195 1291 2237 octaro

204 2261 327 2324 pollutum
342 2260 426 2323 potius
444 2258 651 2308 existimaverim.
683 2259 728 2307 Sic
765 2255 892 2306 calenda
926 2255 1068 2322 Octobrer,
1094 2260 1166 2324 tbus,
1195 2263 1292 2324 vinum,

203 2342 234 2386 ut
254 2349 313 2398 qna
335 2335 434 2383 decima
456 2332 638 2383 numerabatur
659 2333 728 2383 iuter
764 2331 861 2380 colonia
886 2339 914 2380 et
941 2331 1032 2383 incolis
1063 2335 1125 2384 item
1153 2346 1291 2400 prestent.

203 2410 332 2460 Romanas
344 2410 466 2473 legiones,
476 2409 571 2458 Martia
582 2409 660 2457 etiam
676 2407 727 2457 t‘or·
764 2408 885 2459 Caleoffls
905 2425 1006 2474 quoqne
1027 2412 1158 2463 Jaonarlis
1180 2416 1240 2464 thur
1262 2423 1290 2465 et

203 2493 273 2537 tasse
287 2487 465 2549 cognominata
482 2484 610 2549 qnondam
630 2485 726 2535 fuerit:
765 2484 850 2533 rinuru
872 2486 968 2535 colonia
989 2494 1018 2537 et
1040 2488 1131 2538 incolis
1154 2498 1291 2554 prestent.

203 2576 237 2611 aa
248 2563 322 2625 cujus
334 2561 469 2624 retenuit,
480 2568 507 2610 et
517 2560 727 2610 Narboueoaibua
763 2561 880 2623 Septimo
891 2575 992 2626 quoquo
1007 2562 1069 2612 ltlos
1085 2564 1231 2629 Janoarins,
1241 2581 1292 2630 qao

202 2636 729 2701 nivibusoourpositacolooia,NarboMar·
764 2635 815 2692 die,
828 2636 946 2699 primurn,
964 2637 1100 2700 imperinm
1119 2640 1189 2688 orbis
1209 2649 1292 2690 terra·

202 2714 254 2762 tius
261 2714 294 2763 rit
303 2713 396 2763 dictus.
408 2713 553 2763 Deductarn
563 2727 624 2762 vero
634 2715 727 2762 iterum
765 2725 820 2759 rurn
832 2712 979 2775 auspicatus
991 2720 1040 2773 est,
1056 2715 1142 2775 tbure,
1159 2716 1218 2764 rino
1230 2730 1292 2779 sop-

203 2789 350 2837 Narbonem
371 2790 495 2837 colouiaur
516 2788 658 2839 eatotutto
670 2789 726 2837 Car·
764 2787 872 2850 plicent.
906 2787 940 2835 Et
959 2787 1054 2835 hostias
1071 2789 1183 2851 singulas
1200 2791 1290 2838 immo·

201 2876 261 2910 sare
278 2864 422 2922 Dictatore,
440 2864 577 2912 Suetonius
591 2865 725 2927 Tranquil-
763 2862 826 2912 lent.
861 2863 895 2911 Et
922 2863 1016 2912 colonis
1044 2864 1195 2927 incolisque,
1221 2866 1290 2924 tbur,

201 2938 240 2984 ius
259 2937 284 2983 in
300 2938 376 2984 rebus
388 2939 484 2986 Tiberii
498 2939 606 2999 Augusti
619 2940 724 2987 scribit:
764 2939 849 2986 rinurn
867 2953 897 2986 ea
914 2938 955 2985 die
973 2945 1105 2998 praestent.
1140 2939 1175 2984 Et
1199 2939 1287 2999 pridie

202 3009 389 3072 dedtrxisseque
409 3017 507 3070 patrem
527 3012 608 3072 ipsius
627 3012 724 3061 Tiberii
763 3011 888 3059 Calendaa
903 3009 1004 3070 lunias,
1022 3009 1091 3074 quoti
1112 3024 1143 3058 ea
1163 3011 1207 3060 die
1227 3013 1289 3063 Tito

201 3084 335 3133 'liberium
348 3085 479 3134 Claudium
492 3086 628 3136 Neronem.
648 3088 723 3138 Quod
761 3086 864 3134 Statilio
874 3087 966 3146 Tauro,
976 3086 1067 3134 Marco
1076 3085 1179 3135 AEmilio
1190 3087 1290 3151 Lepido

199 3159 249 3210 fuit
264 3169 325 3209 ante
345 3160 471 3208 Clrrirturn
491 3171 578 3209 natum
599 3175 647 3209 uon
668 3163 723 3223 pius
762 3162 925 3221 Consulibus,
938 3160 1132 3223 judiciaplebis
1144 3162 1313 3212 noemmin

199 3236 371 3301 quadraginta
382 3236 463 3284 tribus
478 3237 557 3284 annis.
591 3237 654 3283 Post
666 3250 723 3298 quae
761 3235 809 3284 bus
821 3235 962 3299 conjunxit,
970 3235 1066 3285 hostias
1076 3238 1189 3300 singulus
1200 3239 1289 3289 immo·

199 3316 319 3372 tempora
341 3311 441 3358 invenio
462 3326 512 3359 nou
536 3317 633 3359 tantum
653 3312 723 3359 Mar·
761 3312 832 3360 lent:
850 3312 1288 3378 ettbusetrinutuadsnpplican·

199 3386 275 3443 tium,
292 3399 379 3432 verum
399 3386 477 3434 etiarn
496 3387 617 3434 coloniam
628 3386 722 3436 Juliam
759 3385 820 3434 dum
843 3386 939 3435 numiui
960 3387 1014 3449 ejus
1034 3389 1130 3437 colonis
1152 3398 1179 3436 et
1196 3391 1287 3439 incolis

198 3459 350 3517 Paternum,
364 3459 512 3508 Narbonem
525 3475 580 3509 esse
592 3474 722 3523 nuncupa·
760 3469 896 3524 praestcnt.
930 3463 1022 3526 Exque
1044 3462 1075 3511 iis
1097 3463 1178 3511 tribus
1195 3466 1286 3528 equiti·

199 3542 262 3582 tutu.
296 3532 371 3580 Auno
382 3547 522 3596 namquea
543 3535 644 3583 Christo
661 3544 722 3585 nato
760 3536 817 3600 bus,
833 3537 952 3585 Romanis
972 3572 1063 3589 ......
1081 3538 1208 3588 libertinis
1228 3555 1288 3590 uno.

198 3606 332 3655 millesimo
345 3608 548 3671 quingentesimo
559 3617 587 3659 et
597 3612 723 3674 sexageni·
761 3609 827 3661 ....’
850 3611 894 3659 lta
912 3612 954 3660 bio
967 3613 1077 3674 paucula
1092 3615 1208 3677 quadarn
1230 3630 1288 3664 rer·

199 3697 241 3731 tuo
267 3690 342 3732 sexto
364 3685 390 3730 iu
412 3684 500 3731 eodem
522 3685 577 3747 ipso
601 3685 722 3735 Narbone
760 3687 793 3736 ba
811 3687 945 3738 effractum
968 3705 1078 3739 marmor
1090 3692 1223 3740 amiserat:
1241 3694 1288 3741 sed

199 3756 319 3806 effossum
341 3766 380 3806 est
402 3773 530 3807 marmor:
552 3761 577 3807 iu
600 3775 650 3823 qun
667 3761 722 3810 ltaec
760 3767 789 3813 in
813 3767 867 3828 ejus
883 3767 992 3814 dextera
1016 3766 1083 3816 facie
1100 3768 1156 3817 ltaec
1173 3768 1288 3817 scierunt.

198 3835 327 3897 insculpta
349 3842 431 3882 erant.
466 3836 530 3886 Quae
552 3837 722 3902 simulatque
761 3840 860 3888 ‘Plebs
882 3839 1056 3889 Narbonensis
1083 3856 1152 3890 aram
1178 3843 1287 3891 numinis

199 3912 225 3960 in
238 3927 326 3961 manus
339 3912 543 3962 Narbonenaium
562 3917 721 3980 antiquitatis
760 3915 869 3979 Augurti
893 3917 1024 3965 dedicauit
1046 3918 1147 3980 legibus
1169 3920 1206 3980 iis,
1228 3933 1287 3983 quae

198 3989 369 4037 studiosorum
382 3998 564 4051 pervenerunt,
574 3991 606 4038 ad
618 4006 659 4040 rue
673 3994 722 4042 To·
760 3990 827 4041 infru
838 3993 943 4053 scriptae
961 3999 1028 4040 suut.
1063 3992 1165 4042 Numen
1176 3995 1286 4043 Caesaris

200 4065 254 4113 tosa
265 4066 429 4128 Burdigalam
440 4066 723 4131 micitscitedescripta
761 4066 871 4130 Augusti
893 4069 976 4131 patris
995 4069 1096 4130 patric,
1117 4070 1219 4132 quando
1236 4070 1286 4120 tibi

198 4139 238 4188 uir
249 4141 414 4188 amicissimus
433 4141 584 4189 Franciscus
602 4142 722 4203 licoides,
759 4144 833 4193 bodie
845 4145 910 4193 banc
922 4160 992 4193 aratu
1004 4145 1079 4207 dabo,
1097 4147 1287 4213 dedicaboque,

197 4212 317 4276 idemque
324 4216 389 4277 juris
402 4215 536 4264 Professor
552 4217 720 4267 doctirsimus.
759 4220 797 4268 bia
815 4220 926 4282 legibus,
947 4221 1035 4284 bisque
1055 4223 1200 4284 regionibus
1218 4226 1284 4274 dabo

197 4290 276 4339 ‘Tito
298 4291 400 4339 Statilio
421 4294 513 4353 Tauro,
533 4291 613 4340 Lrtcio
633 4294 720 4342 Cassio
758 4294 947 4358 dedicaboque,
964 4310 1027 4358 quas
1044 4297 1085 4345 hic
1104 4299 1180 4347 botlie
1199 4302 1286 4362 palam

200 4365 315 4427 Longino
333 4366 492 4426 Consulibus,
511 4366 611 4416 decimo
630 4368 720 4417 Calen-
759 4371 856 4431 dixero,
869 4371 913 4419 Uti
930 4370 1041 4418 infimum
1062 4374 1143 4420 solum
1160 4375 1285 4440 hujusque

195 4442 243 4490 das
255 4442 392 4504 Octobres,
404 4444 500 4491 numini
512 4444 622 4507 Augusti
633 4452 720 4493 votum
758 4461 819 4507 arae,
831 4447 1014 4510 titulorumque
1026 4452 1075 4507 est,
1084 4449 1163 4510 siquis
1175 4458 1284 4512 tergere,

198 4527 344 4578 srrsoeptum
357 4534 371 4565 a
383 4518 459 4580 plebe
477 4519 680 4570 Narbonensium
695 4520 720 4567 in
758 4536 859 4582 ornare,
868 4521 975 4570 reficere
988 4522 1066 4581 volet,
1078 4523 1147 4584 quod
1165 4525 1280 4574 beneficii

198 4600 358 4659 perpetuum.
391 4596 466 4646 Quod
482 4595 719 4660 bouum,faustum,
757 4595 1126 4662 causabatjusiasquaerto.
1157 4601 1283 4665 Sirequis
