2806 5234
449 784 604 832 susourr
630 783 775 833 cussus
799 785 932 834 uanus.
1146 770 1230 833 1013

150 922 671 989 nisiAtogobuli‚Lttinisautemscripto·
712 926 769 986 luit,
790 940 848 975 nam
869 926 1049 989 Heliogabalus
1074 929 1160 980 dictus
1182 938 1233 992 est,

151 998 221 1046 ribus
239 1006 408 1063 praeterquam
425 1000 609 1064 Heliogabalus
627 1016 671 1064 ap·
712 1001 848 1051 absurdunt
875 1001 983 1051 videtur.
1016 1004 1123 1056 Constat
1154 1006 1234 1066 euim,

150 1074 260 1134 peilatus
272 1088 322 1122 uon
338 1075 458 1132 traditur,
469 1090 552 1140 neque
567 1077 611 1125 olli
627 1091 672 1126 uo·
712 1076 797 1138 potito
815 1076 932 1139 imperio,
950 1077 1004 1140 ejus
1022 1077 1081 1140 Dei,
1097 1082 1167 1144 cnjus
1186 1082 1233 1130 du·

151 1163 207 1197 meu
228 1164 308 1210 suunt,
319 1164 394 1213 quarn
412 1151 574 1215 Heliogabali
591 1153 673 1216 tnagis
712 1151 773 1200 dom
787 1152 963 1201 Sacerdotium
983 1160 1107 1215 gesserat,
1122 1156 1169 1205 sibl
1187 1171 1233 1207 no·

151 1224 289 1286 cognitum.
323 1226 378 1274 Nos
395 1234 478 1275 tannen
499 1229 614 1290 protinus
625 1229 671 1278 im·
712 1241 771 1276 men
783 1227 926 1291 adoptasse,
933 1240 991 1277 curu
998 1226 1089 1277 suisset
1098 1237 1173 1279 autea
1183 1246 1233 1282 non

151 1300 299 1348 mutandum
318 1315 369 1350 uon
392 1303 543 1363 putarimus,
561 1303 628 1366 quod
646 1304 672 1352 ln
713 1302 838 1365 Oebalus,
868 1302 913 1351 sed
941 1303 1045 1353 Varius.
1077 1306 1137 1357 Quo
1163 1320 1233 1370 sane,

151 1377 259 1425 vetustis
269 1379 433 1427 marmoribus
449 1379 487 1427 bis
497 1379 587 1428 eodeur
598 1379 672 1429 modo
713 1378 784 1427 velut
801 1378 954 1429 etTrsctitii
970 1385 997 1427 et
1011 1378 1125 1427 Tiberini
1141 1394 1234 1443 cogno·

150 1453 273 1515 scripturn
285 1452 464 1503 invenerimus.
497 1455 583 1502 Roma
593 1454 671 1519 siqni-
712 1462 810 1516 mento,
827 1453 968 1517 digniorem
984 1469 1041 1503 sese
1056 1455 1146 1518 gessit,
1161 1471 1236 1520 quam

150 1525 217 1586 deut,
237 1529 262 1574 iu
281 1528 360 1577 bortis
378 1529 503 1577 Mattbeae
522 1530 621 1591 domus,
638 1530 671 1578 de
712 1537 742 1580 ut
749 1530 894 1579 Antoninus
903 1530 942 1578 sel
952 1530 1136 1593 Heliogabalus
1147 1533 1236 1596 appel·

151 1601 261 1651 Balbillo
273 1602 381 1666 quodam
390 1605 524 1652 sacerdote
535 1603 600 1653 Solis
612 1602 672 1653 Ala·
713 1605 809 1655 laretur
836 1607 916 1669 pestis
941 1605 984 1655 illa
1015 1606 1157 1668 tyrannidis
1186 1621 1236 1657 non

152 1676 245 1740 gabali,
255 1678 338 1727 altero
355 1679 441 1741 iapida
460 1679 498 1727 ita
517 1678 620 1741 legitur.
634 1693 674 1729 nt.
714 1683 845 1742 Romanae,
857 1681 902 1731 sed
920 1683 1053 1743 barbare,
1071 1681 1237 1744 flagitiosissi-

151 1764 236 1801 svuro.
247 1765 390 1802 ausuram.
403 1764 673 1805 oscurasmosasus
713 1771 778 1818 ntus,
796 1756 897 1818 probris
915 1756 1032 1805 omnibus
1051 1758 1172 1820 pollutus,
1192 1760 1237 1808 ira·

151 1840 295 1879 euoenon.
323 1843 376 1880 ura.
404 1844 540 1882 esrnorro.
557 1845 673 1883 orvrruro.
714 1832 1238 1898 manis,totiusorbisreligioniadrersus‚

150 1903 217 1953 Item
227 1905 252 1953 iu
262 1906 352 1967 altero,
358 1906 389 1954 ad
396 1907 463 1956 huuc
472 1906 572 1956 modurn
581 1925 587 1958 :
595 1920 676 1960 sorr·
715 1906 878 1970 Heliogabali
890 1908 964 1957 unius
980 1909 1173 1972 superstitiosus
1184 1911 1239 1959 cul·

151 1990 199 2029 tm.
219 1993 287 2029 socr.
302 1994 472 2031 amaranto.
487 1997 585 2033 rvarvs.
612 1997 674 2033 ann
716 1988 766 2045 tor,
775 1983 843 2031 iuter
855 1984 925 2031 Rom.
938 1983 1111 2046 Imperatores
1119 1984 1240 2049 indignus

151 2066 255 2105 nrunvs.
278 2057 329 2106 Sed
341 2063 369 2107 et
381 2058 541 2109 Herodianus
559 2065 566 2088 ⁴
581 2059 675 2110 Helea-
715 2056 795 2106 veluti
807 2057 949 2120 prodigium
961 2060 1147 2110 connumerari.
1186 2061 1238 2112 Qrsi

151 2133 284 2196 gabalunr’
298 2136 678 2200 socst,quaqnelapidissorrna
716 2145 747 2180 tt
764 2134 895 2196 propalam
914 2134 976 2195 egit,
986 2149 1041 2197 qun
1059 2133 1159 2196 referri,
1170 2151 1238 2198 quae·

152 2207 195 2256 Sol
214 2208 269 2271 ipse
286 2209 423 2271 coleretur,
438 2212 559 2262 ostendit.
592 2214 676 2262 Etiam
718 2224 768 2271 que
779 2209 888 2272 cogitari
899 2210 977 2258 etiam
990 2209 1023 2258 sit
1034 2210 1238 2272 impurissimum.

152 2281 172 2330 si
186 2283 345 2344 Lanrpritlius
355 2284 524 2335 dubitandum
537 2288 678 2352 reliquerit,
717 2287 752 2334 Et
765 2286 808 2349 qui
825 2286 925 2333 demum
945 2284 1040 2348 (veluti
1056 2284 1118 2334 satis
1138 2300 1239 2334 mantum

152 2358 193 2406 Sol
206 2373 237 2406 uc
256 2374 287 2407 an
303 2359 408 2424 Jupiter
419 2362 444 2410 id
458 2364 620 2427 Assyriorum
631 2379 677 2414 nu·
715 2360 910 2422 injecttssfibUb
931 2367 958 2409 Μ
977 2359 1045 2423 qnod
1064 2361 1090 2408 ¹¹³
1102 2363 1168 2409 ⁰¹¹¹¹²i
1186 2364 1240 2410 Vll&

151 2447 209 2481 meu
221 2442 366 2496 putaretur.
398 2437 502 2485 Servius
516 2440 624 2501 quartam
636 2454 677 2488 ra·
716 2436 829 2498 turpiter
846 2434 947 2484 sitierat
965 2433 1079 2498 biberet)
1097 2437 1123 2483 in
1145 2436 1239 2484 latrina

152 2507 223 2556 tione
242 2524 381 2571 sacrorum,
403 2511 453 2560 Hei
473 2513 541 2574 apud
557 2513 677 2576 Assyrios
716 2518 866 2573 peremptus
878 2517 928 2571 est,
940 2510 1099 2573 cadaverque
1111 2509 1143 2557 ad
1156 2510 1239 2572 plebis

152 2583 276 2630 etSolem
293 2590 320 2632 at
330 2583 469 2633 Saturnum
485 2586 579 2649 dictos,
590 2587 678 2638 tradit.
716 2584 853 2633 ludibrium
875 2584 1048 2633 sordidissime
1068 2598 1114 2647 per
1137 2585 1239 2634 cloacas

153 2656 203 2705 Sed
216 2657 284 2721 quotl
296 2659 387 2708 scribit
401 2662 489 2723 etiarn,
499 2661 615 2711 Gabalos
625 2662 677 2712 lm·
717 2666 846 2708 tractum:
864 2657 938 2706 finem
950 2658 1049 2707 scilicet
1058 2661 1117 2708 uitae
1133 2660 1239 2710 sortitus

153 2744 257 2799 parator
273 2737 401 2787 Romanus
421 2739 507 2789 Solem
527 2754 554 2788 se
572 2739 676 2790 dicito·
716 2735 856 2799 egregium.
889 2734 1022 2784 accersias.

327 3134 485 3207 ORDO
527 3133 801 3209 NOBILIUM
841 3129 1077 3204 URBIUM.

186 3322 303 3371 No.285·
336 3325 427 3373 lOrdo
443 3324 565 3388 nobilium]
585 3325 676 3375 Libelli
719 3339 781 3389 gens
792 3321 882 3372 Gloria
894 3316 1087 3368 Dardanidum!
1121 3316 1194 3365 Idem.

153 3395 186 3443 de
198 3397 272 3445 claris
285 3397 388 3446 urbibus
405 3399 494 3447 titulus
506 3401 531 3447 iu
548 3407 637 3449 vetere
649 3401 677 3448 li·
749 3405 765 3449 o
785 3400 889 3449 Veterem
903 3396 1044 3460 perstringit
1054 3393 1172 3455 imorem]
1189 3391 1242 3441 Ve-

154 3470 201 3520 bro
226 3481 274 3532 est,
295 3485 369 3520 ouon
394 3486 534 3523 uoarurvn
557 3487 678 3524 vaurum.
719 3475 843 3536 tusliber,
859 3471 1016 3536 prestringit.
1048 3469 1124 3520 Quod
1141 3467 1240 3517 malint:

155 3550 270 3611 Scaliger.
720 3550 833 3615 quamvis
844 3550 906 3597 alias
918 3547 977 3595 viris
989 3544 1095 3594 eruditis
1109 3544 1243 3605 assentiar,

162 3652 166 3658 ·
188 3629 201 3673 l
220 3626 305 3673 Primo
322 3625 388 3673 urbes
406 3625 480 3688 inter]
497 3626 605 3674 Scribe:
633 3625 680 3673 lio·
719 3626 763 3690 qui
791 3624 896 3673 verbnm
930 3623 1054 3671 hacteuus
1084 3619 1243 3668 eliminatum

155 3714 200 3746 ssa.
213 3713 231 3748 r.
249 3700 333 3747 Prtsso
343 3698 410 3748 urbes
419 3703 491 3762 inter,
502 3702 581 3750 disum
592 3702 681 3760 domes,
718 3701 864 3765 praestinguo
895 3698 997 3748 restitui
1020 3695 1135 3759 cupiunt.
1175 3693 1243 3742 Vide

153 3774 318 3823 ssreoRornn.
354 3776 567 3839 Constantinopolis
584 3781 607 3824 et
621 3777 681 3823 Cor·
720 3790 778 3840 quas
807 3775 839 3825 de
861 3789 892 3824 eo
925 3773 1062 3823 Lantbiuus
1089 3770 1121 3818 td
1149 3769 1244 3818 Horat.

155 3849 234 3911 ttogo.
246 3864 275 3899 rr.
292 3858 319 3899 et
331 3851 369 3899 sic
382 3866 458 3913 porro
470 3852 568 3900 numeri
581 3851 680 3899 sarien-
720 3849 806 3899 Plaut.
818 3858 845 3899 et
864 3851 1021 3899 Lucretium.
1053 3845 1243 3901 Succurritbu·

156 3933 206 3974 tur.
239 3927 332 3991 Liquet
343 3941 376 3976 ex
386 3927 500 3990 epilogo,
509 3942 586 3991 qunnr
598 3926 678 3976 dicit:
715 3925 759 3988 jus
778 3926 850 3975 verbi
872 3926 1005 3975 occasione
1025 3925 1096 3974 locus
1115 3922 1141 3970 iu
1159 3920 1245 3969 Statio

155 4003 260 4068 ‘thue
272 4010 351 4068 caput
367 4004 465 4052 norneri
484 4005 564 4052 Roma
576 4003 682 4066 inclyta,
720 4014 810 4064 parnru
828 4014 914 4063 sanus,
925 3999 1039 4064 quamvis
1059 3998 1141 4062 prima
1158 3994 1245 4045 fronte

155 4078 192 4127 sic
217 4080 304 4143 capite
335 4081 386 4129 isto
408 4079 549 4143 burdigala
570 4079 680 4141 ancipiti
721 4076 780 4125 talis
793 4076 861 4124 baud
873 4083 1005 4138 appareat.
1038 4069 1245 4122 lslib.r.Acbil·

155 4153 290 4205 confirmet
300 4156 398 4205 vertice
408 4154 515 4204 sedern!
721 4151 818 4201 leidos:
834 4151 842 4178 ‘
854 4153 968 4203 Quemne
981 4150 1057 4198 alium
1066 4147 1170 4210 Stygios
1181 4146 1245 4195 tule-

189 4230 239 4280 No.
257 4235 314 4281 tuo.
346 4231 449 4280 tflono
470 4230 573 4290 fortuna
591 4227 682 4290 recessa]
723 4227 758 4276 rit
769 4234 870 4275 secreta
882 4240 929 4290 per
940 4239 1026 4274 srones
1038 4223 1140 4284 Nereis,
1151 4228 1178 4270 et
1188 4221 1244 4284 pul·

158 4305 405 4367 Constantinopolim
441 4305 536 4354 extulit
574 4304 683 4352 Romani
723 4317 780 4352 cros
790 4300 860 4352 terro
872 4301 1050 4365 perstrinxerit
1061 4296 1154 4346 artusl'
1184 4297 1246 4345 Cor·

158 4393 218 4443 pars
228 4379 330 4442 imperii
340 4392 370 4427 eo
383 4381 506 4428 translata
517 4379 565 4427 snb
577 4378 683 4427 Ausonii
724 4378 787 4441 rige,
800 4377 974 4440 praestruxerit,
988 4382 1018 4424 nt
1038 4375 1063 4422 iu
1080 4387 1104 4421 v.
1125 4388 1149 4422 c.
1168 4372 1248 4435 scrip·

157 4463 291 4517 tempora:
308 4453 351 4502 ubi
370 4454 445 4502 bodie
466 4469 566 4517 quoque
586 4455 682 4502 Turro·
724 4460 777 4502 turn
799 4451 920 4514 repperi:
944 4450 1111 4512 prostrarent
1123 4448 1201 4509 ferro,
1220 4446 1248 4495 id

158 4544 212 4578 rum
224 4528 356 4591 Principis
373 4531 450 4592 regia.
486 4530 589 4577 Vinctus.
724 4535 771 4589 est,
780 4527 928 4588 muniverit,
943 4541 976 4575 ne
986 4525 1082 4574 ferrum
1098 4531 1187 4588 posset
1203 4538 1247 4579 no-

193 4606 248 4656 Fu'd
264 4603 325 4668 boer]
343 4606 394 4656 Ut:
410 4605 491 4656 ‘Fuit
508 4603 631 4667 lliutu,et
646 4602 684 4652 in·
724 4617 792 4655 cere.
825 4603 870 4654 dic
881 4601 1028 4653 Ammianus
1038 4600 1083 4652 lib.
1092 4612 1151 4651 xrs.
1167 4599 1248 4650 ‘den-
