2850 5256
160 758 225 823 674
626 763 782 845 ausonii

165 911 366 996 Expositum
383 909 493 974 subter
509 904 665 989 paradas,
688 902 843 986 lectoque
860 902 1049 986 jacentem:

206 1012 365 1095 Corporis
380 1016 417 1074 ut
431 1007 514 1074 tuuti
529 1025 595 1070 uon
610 1011 783 1068 moveatur
801 1022 896 1066 onus.
1006 1020 1009 1026 ·
1218 997 1256 1062 bl

165 1113 262 1178 Unus
278 1111 483 1176 Domnotoui
501 1114 534 1172 te
546 1108 640 1171 litore
653 1104 800 1187 perferet
812 1107 917 1166 aestus

207 1213 391 1278 Condatem
407 1210 449 1274 ad
465 1214 616 1292 portum:
640 1203 783 1269 simodo
798 1203 1017 1285 deproperes.

165 1316 271 1397 Inque
285 1314 394 1378 vicem
409 1311 511 1385 venti,
532 1307 689 1390 quotiens
705 1311 764 1369 tua
778 1304 913 1368 flamina
926 1309 1076 1378 cessant,

208 1413 428 1498 Remipedem
444 1412 570 1494 jubeas
584 1410 736 1492 protinus
752 1408 798 1471 ire
812 1412 927 1470 ratem.

164 1515 322 1582 Invenies
336 1517 460 1595 praesto
475 1508 651 1592 subjuncta
666 1509 812 1590 petorita
824 1507 932 1571 mulis·
1216 1504 1257 1570 ab

205 1616 298 1680 Villa
314 1613 460 1678 Lucani·
470 1630 551 1675 mox
565 1609 705 1693 potieris
718 1626 808 1673 ·aco.

163 1805 253 1847 terma
269 1795 311 1846 aab
327 1796 434 1859 paradi«,
454 1799 478 1844 et
494 1799 597 1843 atrntem
614 1793 641 1841 ia
661 1796 725 1840 toro:
742 1790 778 1839 itu
788 1795 815 1839 at
825 1790 895 1840 melea
905 1787 969 1839 enati
978 1787 1083 1852 eorporis
1092 1801 1140 1838 aaa
1148 1787 1258 1850 asltetm

168 1862 235 1910 Uaria
249 1865 321 1908 natea
339 1865 363 1908 te
378 1859 497 1908 decemo
508 1859 588 1907 littore
603 1854 745 1906 Danaam
762 1868 834 1916 araque
851 1855 882 1902 nd
899 1859 992 1915 portam
1005 1853 1150 1901 Condatem.-
1164 1851 1260 1900 aare·

158 1923 267 1984 seatiaea.
299 1925 330 1971 Et
342 1922 391 1970 loeo
401 1923 576 2034 pentagaotiea
587 1919 703 1982 taiflotaa
713 1933 759 1966 aaa
766 1918 956 1993 optemperare
962 1916 1089 1991 precipiat
1096 1929 1182 1964 aaaron
1190 1913 1260 1963 renio

163 1986 446 2050 oeapedttmprocedere.
500 1982 942 2047 totimibioffeadeacarraaollagotae
952 1981 1030 2030 maha.
1064 1980 1260 2043 Bemm-

652 2123 754 2145 aneon
757 2125 801 2145 ΙΝ

162 2227 251 2289 pardus
260 2225 470 2275 'renuebam-³1
488 2223 562 2274 Idem
573 2222 656 2288 legit:
673 2223 866 2276 D.teelittore.
898 2220 1157 2274 emmeramme

657 2367 767 2419 NOTAE

164 2473 262 2530 anatra,
279 2466 324 2516 aed
347 2465 424 2514 latim
444 2470 472 2514 et
492 2461 693 2528 synecdochae
732 2463 783 2513 Hir
794 2462 891 2514 ultimis
903 2459 988 2512 rerbia
999 2459 1123 2525 graphice
1142 2457 1261 2511 namu·

164 2543 313 2608 proqnoria
325 2548 411 2590 rento.
734 2537 1075 2604 tnrejuamodifornieatem
1086 2533 1261 2586 andeolum

195 2623 230 2668 29
245 2617 332 2668 &bier
341 2614 457 2680 poradaa]
472 2615 589 2678 scaliger
600 2614 609 2643 ‘
617 2629 693 2678 para·
733 2621 847 2678 tegmen.

164 2693 227 2743 daa'
244 2693 282 2742 ait
303 2706 382 2755 genua
404 2704 459 2740 eaae
482 2690 576 2753 navigii
594 2690 693 2739 Vibiaci
766 2687 781 2717 ⁸
797 2687 884 2737 Salter
892 2684 1210 2751 pnrodnaJParadaberba
1219 2698 1261 2736 na·

164 2767 303 2831 voluptarii
326 2764 439 2829 undique
460 2765 534 2826 tecti,
553 2779 603 2827 quo
626 2771 694 2815 reatu
735 2765 842 2814 tissima.
876 2766 999 2824 durare,
1016 2763 1261 2829 iuquitlleapnaina,

164 2844 233 2890 ultro
244 2843 361 2904 citroque
380 2841 559 2903 reciprocante
579 2853 626 2902 per
642 2841 693 2890 Ga·
734 2855 766 2889 ex
779 2855 809 2889 ea
820 2839 876 2888 fieri
887 2839 972 2903 potuit
989 2839 1080 2902 teger?
1113 2836 1262 2889 Sirmundua

166 2930 281 2964 rumpam
293 2916 405 2963 molliter
420 2915 581 2976 serebantur,
597 2923 625 2964 et
636 2930 693 2964 eeu·
735 2913 767 2963 ad
778 2914 911 2964 Sidonium
930 2920 1001 2963 recte
1018 2915 1154 2965 annotarit
1171 2917 1263 2978 ‘para-

165 2987 698 3051 teutiamauaruSidoniirlpollinarialoeo
735 2989 792 3038 daa’
815 3003 870 3038 eaae
892 2991 1069 3052 integumenta
1095 2989 1264 3053 navigiorum,

166 3071 282 3113 natruere
294 3063 395 3112 nititur.
426 3063 535 3112 Viaetna
555 3077 606 3112 non
623 3064 694 3113 nari·
735 3064 767 3112 ad
779 3063 950 3114 co'e'rcendum
963 3063 1056 3122 Solem,
1072 3059 1164 3128 frigere,
1179 3071 1207 3114 et
1223 3077 1263 3113 re

166 3139 235 3202 giam
253 3139 336 3200 iprum
356 3138 397 3187 tric
417 3138 571 3201 paradarum
592 3140 694 3189 nomine
734 3138 816 3202 liquaa
828 3138 1014 3201 coeliinjuriaa.

164 3214 296 3276 iutelligit,
311 3213 357 3263 aed
379 3221 482 3277 tegmen
506 3220 604 3262 tantiam
626 3214 692 3277 ejus,
766 3219 798 3264 32
816 3216 945 3263 Condatem
964 3217 995 3263 nd
1013 3214 1119 3278 mena]
1148 3213 1202 3265 Hic
1230 3214 1262 3263 ad

165 3289 341 3352 peripetasma
373 3288 483 3348 acilicet,
509 3289 622 3350 circulis,
648 3297 693 3339 aut
734 3289 1263 3353 DordouiamaeuDuraulunrerat‚panlo

164 3362 239 3412 dexia
251 3363 276 3410 iu
289 3361 489 3411 semirotundum
502 3363 580 3424 virgin
592 3364 693 3426 imperi·
734 3381 812 3430 supra
824 3368 887 3416 Lilae
898 3382 914 3415 a
925 3365 1113 3428 mmovteibna
1131 3373 1160 3415 et
1170 3364 1264 3415 Petro·

165 3436 506 3488 tumiurameraasorraam.
540 3438 587 3487 Cui
607 3445 636 3487 ut
652 3453 693 3488 aa·
733 3440 811 3490 curiia
832 3439 944 3501 fluentia,
969 3446 997 3488 et
1015 3439 1096 3503 ipaiaa
1123 3438 1264 3489 Dardania

165 3512 357 3574 aeutiarpotiua
376 3526 452 3575 quam
471 3512 613 3575 Scaligero,
628 3511 694 3564 facit
733 3514 903 3577 couflucutca,
921 3528 951 3563 ac
970 3514 1120 3579 Liburniam
1144 3514 1179 3565 ibt
1201 3529 1264 3564 ron-

164 3588 236 3636 locua
254 3587 310 3649 ipae
332 3585 430 3635 Sidonii
450 3586 483 3636 ab
505 3600 536 3635 eo
557 3587 694 3639 adductus.
734 3589 813 3637 ditum
828 3597 916 3652 postea
932 3589 1029 3639 urbem.
1063 3590 1139 3639 Nune
1156 3588 1265 3652 paludea

164 3661 217 3710 Hic
228 3668 313 3710 antem
333 3667 374 3710 eat
394 3661 513 3724 Epistola
531 3663 565 3710 ad
575 3660 692 3725 Trigret-
735 3671 839 3714 tautum
849 3672 909 3714 aunt
924 3672 951 3715 et
967 3679 1064 3729 perena
1074 3664 1201 3715 Condatia
1220 3679 1264 3716 nu·

166 3734 239 3794 tium,
256 3748 307 3797 qun
317 3734 438 3783 hortatur
449 3749 517 3797 eum,
531 3742 561 3784 nt
580 3749 596 3783 a
615 3744 693 3799 portu
735 3753 793 3789 meu
805 3741 952 3801 retinentia,
968 3747 1036 3789 teate
1045 3739 1153 3790 vineto.

165 3805 401 3870 Alingoniaaolrat,
416 3816 443 3857 ei
456 3809 620 3872 Burdigalam
635 3826 693 3875 per·
767 3815 782 3844 ³
800 3817 931 3865 Condatem
950 3817 982 3864 ad
1003 3815 1110 3878 portam]
1135 3813 1263 3876 Condate,

166 3882 280 3931 rebatur.
314 3883 439 3944 ‘Hieta’
456 3884 549 3948 iuquit,
564 3885 693 3936 ‘edinen
734 3889 761 3938 in
771 3890 873 3940 ‘l'abula
885 3890 1110 3953 Peuttiugeriana.
1140 3888 1263 3938 Pauliana

165 3965 207 4007 tua
217 3957 332 4008 culcitrie
344 3964 428 4021 torua,
440 3959 482 4009 bic
502 3961 591 4009 tabula
610 3962 695 4011 calcu·
735 3962 769 4011 ad
780 3964 921 4014 Autronium
933 3966 941 3991 ‘
951 3962 1110 4014 Condatem'
1122 3964 1210 4014 rlcnm
1221 3977 1264 4027 ap·

165 4035 200 4084 lia
225 4042 307 4086 atrata
334 4035 500 4098 bicoloribus,
527 4037 569 4086 blo
596 4043 695 4089 teaaera
734 4039 817 4102 pellat
828 4041 1010 4089 Condatiuum.

163 4108 286 4175 frequens
298 4110 411 4161 eboratis
427 4113 582 4162 resultatura
601 4127 693 4177 pyrgo·
766 4119 797 4164 83
815 4114 986 4178 Taafloariau]
1004 4116 1052 4164 Vel
1073 4113 1121 4165 tibi
1140 4113 1264 4177 faventia,

167 4200 223 4236 rum
236 4186 358 4251 gradibua
370 4193 509 4252 expectat:
528 4188 579 4250 bic,
594 4193 628 4238 ne
647 4189 694 4238 tibi
734 4196 762 4239 et
773 4189 897 4251 reconda,
905 4192 946 4239 rei
957 4189 1043 4253 potina
1055 4204 1071 4237 a
1081 4197 1108 4241 te
1117 4191 1262 4256 crepitante

165 4260 306 4324 pendulum
336 4261 422 4325 tingat
449 4261 567 4311 volubilia
594 4263 694 4313 nentina
734 4264 833 4313 emiaea.
856 4265 909 4314 Hic
920 4265 987 4313 euim
994 4265 1081 4327 jocari
1089 4265 1262 4317 rideturenm

164 4337 313 4400 remigium,
330 4337 408 4399 paodl
426 4336 571 4386 carinarum
590 4343 693 4386 uenires
733 4353 818 4388 eraaao
845 4339 957 4388 Tbeouia
982 4339 1129 4404 abdomine,
1157 4340 1262 4393 flatunra

165 4411 332 4472 abiegnarum
352 4413 461 4462 trabium
485 4420 558 4462 textu
581 4414 694 4476 pulpita·
733 4427 783 4462 uon
795 4412 991 4476 aeguiofficiua.

166 4484 271 4534 buntur.
305 4486 356 4535 Hic
369 4485 514 4550 superflexa
532 4495 604 4536 crate
620 4501 693 4552 para·
765 4492 796 4536 35
815 4489 923 4537 lneeaiea
941 4488 1042 4552 meno]
1061 4490 1142 4554 Apud
1163 4490 1264 4543 Conda-

166 4557 257 4607 darum
266 4560 352 4610 aereni
364 4559 571 4611 brumaliaintida
580 4560 693 4610 ritable!
734 4570 786 4614 tum
799 4565 839 4614 rel
849 4563 1004 4614 madorem.
