2806 5234
737 113 783 154 ‚tlt
812 110 1014 156 ,tt'StiNlt'it

378 251 408 312 N
414 252 470 312 ihil
486 250 657 312 afferentes
675 261 711 312 ut
727 253 865 312 salutern
883 255 1059 328 conl'arant,

420 348 521 428 Quod
536 352 707 415 veritatem
723 351 864 434 detegat.

377 451 466 530 Quid
481 453 569 516 enim
586 462 693 515 tenere
706 451 758 516 vel
771 452 895 515 bonum
910 459 969 516 aut
982 472 1094 517 verum
1108 464 1244 538 queant,

417 551 489 631 Qui
502 571 568 617 non
582 557 695 617 tenent
710 573 848 618 summai
862 558 975 637 eaput,

372 652 457 718 Veri
471 654 616 736 bonique
630 653 781 717 fomitem
791 661 826 718 et
840 656 963 718 iontem
979 655 1112 720 Deuml

419 754 528 833 Quem
541 774 639 818 nemo
654 755 716 818 nisi
729 756 764 818 in
780 754 912 820 Christo
926 755 1027 821 videt.

374 857 446 922 Hic
461 857 614 922 veritatis
628 855 740 921 lumen
756 863 816 932 est,
831 858 910 921 vitae
924 857 993 934 via,

416 957 492 1034 Vis,
506 976 609 1034 mens,
623 976 750 1035 manus,
765 960 870 1023 virtus
880 960 996 1043 patris,

374 1059 433 1124 Sol
448 1060 630 1141 aequitatis,
645 1058 719 1122 lons
732 1060 908 1137 bonorum,
921 1060 983 1126 flos
998 1062 1077 1141 Dei,

418 1159 532 1224 Natus
546 1159 632 1237 Deo,
646 1160 760 1224 mundi
775 1167 875 1239 sator,

373 1259 594 1325 Mortalitatis
608 1261 679 1325 vita
693 1268 826 1339 nostrae,
842 1268 876 1326 et
889 1282 978 1327 mors
991 1266 1093 1330 necis.

417 1360 583 1445 Magister
596 1363 651 1428 hic
667 1364 850 1441 virtutium,

375 1464 536 1546 Deaeque
552 1464 662 1542 nobis,
677 1472 779 1547 atque
792 1484 853 1550 pro
866 1467 966 1531 nobis
979 1466 1079 1531 homo

417 1563 495 1628 Nos
508 1565 675 1630 induendo
688 1585 726 1630 se
742 1567 849 1644 exuit,

374 1664 513 1730 AEterna
527 1666 674 1750 jungens
686 1667 834 1732 homines
849 1668 935 1731 inter
948 1674 984 1732 et
999 1667 1119 1748 Deum,

418 1766 458 1831 ln
473 1772 650 1851 utrumque
665 1789 702 1832 se
718 1769 929 1834 commercia.

377 1867 446 1932 Hie
460 1888 536 1952 ergo
551 1870 676 1933 nostris
689 1877 726 1934 ut
739 1880 837 1935 suuni
850 1869 1046 1954 praecordiis

419 1969 606 2037 vibraverit
618 1970 708 2036 caela
722 1971 834 2055 jubar,

377 2067 548 2154 Abstergit
561 2092 686 2156 aegrum
701 2074 851 2157 corporis
866 2074 951 2156 pigri
965 2074 1073 2152 situm,

418 2172 647 2259 Habitumque
662 2176 781 2238 mentis
795 2176 944 2250 innovat,

373 2272 538 2339 Exhaurit
552 2294 646 2340 omne
660 2275 753 2360 quod
766 2274 912 2357 juvabat
926 2283 1026 2339 antea

419 2374 532 2438 (lastae
545 2376 725 2457 voluptatis
737 2377 831 2453 vice3

375 2474 552 2557 'latusque
566 2479 682 2538 nostra
700 2475 778 2557 jure
793 2475 929 2540 Domini
942 2476 1092 2540 vindicat

419 2576 466 2640 Et
480 2577 596 2654 corda,
611 2581 645 2639 et
660 2594 730 2652 ora,
744 2580 777 2639 et
792 2582 952 2659 tempora.

375 2678 420 2743 Se
434 2679 584 2761 cogitari,
598 2677 746 2758 intelligi,
764 2677 865 2754 credi,
877 2679 955 2760 legi,

420 2782 465 2846 Se
481 2781 554 2845 vult
567 2780 673 2845 timeri
686 2785 722 2844 et
735 2778 842 2862 diligi.

375 2883 498 2947 AEstus
513 2883 644 2959 inanes,
658 2871 745 2965 qaas
759 2885 870 2944 movet
884 2881 962 2944 vitae
978 2881 1072 2944 labor

418 2983 600 3050 Praesentis
615 2984 681 3046 aevi
696 2982 838 3058 tramite,

375 3082 501 3149 Abolet
514 3083 633 3150 future
649 3102 727 3147 cum
742 3081 819 3145 Dea
833 3083 912 3147 vitae
927 3081 1019 3145 fides.

418 3184 614 3269 Quae,quas
626 3182 778 3249 videmur
790 3202 953 3266 spernere,

375 3286 454 3354 Non
469 3293 505 3352 ut
519 3286 679 3369 profanas
692 3284 820 3369 abjicit,
835 3293 892 3351 aut
906 3286 986 3348 viles
1001 3302 1103 3366 opes;

416 3388 484 3453 Sed
499 3394 538 3452 ut
553 3387 660 3470 magis
674 3406 782 3464 caras,
797 3393 908 3451 monet

377 3488 482 3554 Caelis
496 3490 611 3572 reponi
626 3489 771 3554 creditas
785 3487 915 3552 Christo
933 3487 1018 3562 Deo,

419 3588 488 3668 Qui
502 3590 602 3675 plura
615 3591 770 3674 promisit
784 3591 890 3670 datis3

822 3735 928 3789 NOTAE

361 3840 394 3885 ⁶2
415 3832 560 3896 virtutium]
587 3831 630 3882 lta
656 3839 730 3884 vetar
757 3832 858 3892 eaden
898 3831 937 3880 ria
949 3827 1097 3878 Prirciraua
1107 3827 1150 3878 lib.
1161 3840 1211 3877 vn.
1228 3824 1316 3878 tradat
1329 3826 1363 3878 ab
1374 3828 1398 3880 vl

331 3912 397 3976 qaod
412 3919 441 3962 et
451 3909 528 3960 metri
540 3908 606 3960 ratio
621 3909 753 3972 postulat:
772 3919 858 3972 qaum·
899 3914 955 3956 tute
966 3904 1081 3954 viriatu-
1093 3903 1218 3955 duntaxat
1226 3900 1302 3956 effici.
1316 3903 1385 3958 Vtra
