2806 5234
555 732 606 780 nn
631 730 840 781 susouruu.
1184 719 1248 782 071

149 878 252 943 Culta
265 878 358 961 prius
373 881 495 939 vestrae
512 871 652 937 oblitum
667 874 838 939 consortia
854 876 933 939 vite
1181 875 1246 939 105

148 978 337 1060 increpitus
352 976 479 1041 sanctis
498 982 590 1041 mota
606 979 733 1058 pietate
749 977 905 1058 querelis.

149 1080 346 1162 Amplector
358 1078 468 1161 patrio
484 1079 688 1142 venerandos
703 1083 837 1160 pectore
852 1087 971 1155 motus,

150 1182 195 1246 Et
208 1181 290 1244 mihi
305 1180 480 1261 gratandas
495 1180 600 1242 salvis
615 1178 791 1243 affectibus
806 1181 882 1242 iras.

150 1282 218 1346 Sed
233 1280 372 1344 reditum
385 1280 459 1343 indo
471 1297 594 1357 meum,
608 1282 744 1361 genitor,
759 1285 792 1343 te
807 1299 950 1363 poscere
965 1282 1095 1346 mallem

150 1383 249 1448 Unde
263 1382 334 1445 dari
349 1383 474 1465 possit:
498 1378 721 1446 revocandum
739 1401 790 1445 me
805 1382 865 1446 tibi
880 1384 1023 1461 emdam,
1182 1386 1244 1450 110

151 1485 237 1549 Cum
252 1482 381 1547 steriles
395 1482 515 1547 fundas
528 1501 594 1546 non
609 1482 653 1545 ad
669 1481 784 1546 divina
797 1488 964 1565 precatus,

151 1584 336 1652 Castalidis
351 1585 495 1668 supplex
511 1602 629 1648 averso
642 1585 775 1647 numine
792 1583 928 1647 Musisl

152 1690 234 1754 Non
250 1687 302 1750 his
315 1687 504 1751 numinibus
518 1686 581 1753 tibi
594 1705 645 1749 me
659 1686 841 1770 patriaeque
856 1685 1007 1750 reduces.

152 1790 255 1869 Quod
270 1789 378 1866 datur,
393 1789 428 1852 in
441 1787 577 1853 nihilum
591 1784 680 1871 (sine
693 1789 826 1851 numine
839 1787 972 1852 nomina
985 1785 1103 1851 Musas

151 1892 261 1957 Surda
277 1910 391 1967 vocas,
405 1896 438 1955 et
451 1890 544 1952 55115
557 1884 672 1971 rogas)
684 1887 768 1951 levis
782 1889 911 1952 auferet
924 1906 1017 1951 aura.
1179 1886 1243 1952 115

151 1994 249 2058 Irrita
264 2000 414 2057 ventosae
430 1992 563 2074 rapiunt
574 1991 648 2055 baec
665 1995 743 2054 vota
757 1990 922 2074 procellae,

152 2093 240 2172 Quae
254 2113 320 2158 uon
335 2095 437 2158 missa
454 2093 528 2157 Deo
544 2095 660 2157 vacuis
674 2095 709 2158 in
723 2093 868 2155 nubibus
883 2090 1019 2172 baerent,

153 2196 227 2261 Nec
241 2200 411 2279 penetrant
424 2195 546 2279 Superi
561 2194 749 2261 stellantem
763 2195 850 2276 regis
865 2195 898 2257 in
913 2193 1036 2257 aulam.

194 2299 232 2362 Si
249 2299 308 2361 tibi
323 2316 405 2362 cura
417 2299 482 2361 mei
495 2298 630 2377 reditus,
642 2300 737 2363 illum
751 2299 879 2381 aspice,
894 2303 930 2360 et
942 2315 1010 2373 ora,

153 2399 220 2477 Qui
236 2401 364 2463 tonitru
381 2401 501 2464 summi
515 2401 622 2483 quatit
635 2401 733 2482 ignca
745 2397 892 2462 culmina
905 2397 996 2474 coeli,
1180 2399 1243 2463 120

107 2540 111 2546 ·
153 2498 223 2577 Qui
236 2500 346 2565 trifido
358 2501 436 2582 igne
448 2503 561 2579 micat,
575 2522 637 2566 nec
652 2503 768 2566 inania
781 2517 947 2564 murmura
961 2500 1090 2576 miscet,

155 2599 291 2685 Quique
305 2605 388 2667 satis
403 2603 494 2668 coelo
510 2603 599 2668 soles
613 2604 762 2687 largitur,
784 2609 817 2667 et
829 2603 960 2678 imbres,

155 2702 224 2780 Qui
240 2721 337 2787 super
351 2724 461 2783 omne,
476 2705 565 2789 quod
580 2711 644 2782 est,
659 2706 716 2769 vel
729 2705 762 2768 in
779 2704 892 2768 omnia
904 2709 996 2767 totus
1010 2703 1134 2786 ubique

154 2804 318 2870 Omnibus
333 2806 464 2871 infusus
479 2807 577 2871 rebus
592 2807 677 2888 regit
691 2806 801 2870 omnia
814 2802 982 2867 Christus:

154 2903 222 2982 Qui
237 2914 365 2972 mentes
381 2917 471 2973 tenet
486 2917 589 2992 atquo
603 2911 725 2982 movet,
748 2905 806 2988 qui
821 2913 968 2987 tempora
981 2911 1096 2970 nostra
1178 2905 1244 2971 125

152 3007 197 3069 Et
209 3009 289 3070 loca
303 3008 470 3090 disponit:
493 3011 584 3091 qnod
599 3011 629 3073 si
643 3008 808 3073 contraria
822 3008 910 3071 votis

152 3106 352 3171 Constituat
363 3108 497 3184 uostris,
512 3126 611 3190 prece
625 3106 849 3173 deflectendus
863 3107 898 3168 iu
914 3107 973 3168 illa
987 3117 1040 3169 est

154 3210 242 3288 Quae
260 3210 424 3272 volumus.
469 3207 562 3287 Quid
577 3229 629 3275 me
642 3210 805 3277 accusasi
851 3208 888 3271 si
903 3207 1060 3290 displicet
1075 3213 1168 3271 actus

155 3311 266 3389 Quem
283 3330 363 3392 gero
381 3318 494 3394 agente
510 3311 596 3389 Deo,
611 3315 704 3395 prius
720 3318 772 3375 est
786 3310 831 3393 (si
847 3305 914 3391 sas)
929 3328 1002 3371 rcus
1016 3313 1140 3385 auctor,

155 3412 219 3476 Cui
235 3414 347 3495 placet
363 3419 421 3477 ant
435 3413 574 3476 formare
589 3433 692 3488 meos,
708 3420 768 3476 aut
784 3421 908 3476 vertere
924 3429 1049 3473 sensus.
1182 3408 1246 3474 130

155 3514 243 3579 Nam
260 3533 333 3576 mea
348 3516 377 3577 si
391 3520 536 3597 reputes,
551 3533 628 3598 qum
641 3515 794 3597 pristina,
807 3533 882 3597 quoe
899 3512 958 3576 tibi
971 3520 1062 3586 nota,

157 3614 280 3697 Sponte
294 3615 424 3678 fatebor
438 3634 514 3678 eum
530 3614 632 3678 modo
647 3634 700 3680 me
715 3634 780 3678 nou
794 3635 880 3692 esse,
896 3615 957 3677 sub
971 3612 1030 3676 illo

155 3716 319 3797 Tempore
335 3716 394 3798 qui
408 3716 537 3792 fuerim,
553 3735 698 3799 quonon
712 3737 886 3800 perversus
901 3717 1055 3793 habebar,

157 3817 199 3880 Et
213 3836 392 3900 perversus
407 3836 509 3896 eram,
525 3817 601 3883 fulsi
616 3819 754 3901 caligine
769 3839 918 3896 cernens,

157 3918 268 3982 Stulta
285 3919 349 3982 Dei
365 3920 514 4001 sapiens,
529 3927 563 3983 et
576 3921 693 3983 mortis
707 3922 833 4003 pabula
847 3922 976 3983 vivens.
1184 3914 1248 3978 135

157 4018 236 4097 Quo
252 4021 358 4102 magis
374 4021 498 4101 ignosci
515 4020 594 4084 mibi
608 4023 671 4100 ias,
689 4024 768 4105 quia
781 4023 946 4105 promtius
960 4040 1004 4084 ex
1020 4023 1082 4085 hoc

158 4118 307 4203 Agnosci
320 4121 427 4198 datur,
442 4142 463 4185 a
478 4140 608 4185 summo
624 4125 769 4204 genitore
784 4124 911 4200 novari,

625 4344 629 4353 ’
651 4333 759 4383 NOTAE

190 4466 238 4512 120
255 4461 420 4523 1155511151]
436 4463 473 4511 Ut
490 4463 561 4510 Deus
581 4477 685 4511 accuse·
728 4461 810 4525 pellit.
829 4461 902 4511 Idem.

159 4544 211 4598 151,
229 4534 498 4600 55115555511115,
515 4535 601 4585 fucore
619 4550 685 4585 cour·
