2806 5234
578 723 758 775 aurosis.
1160 717 1223 785 513

120 867 190 932 Vel
204 865 268 931 trie
282 866 423 950 potenti,
439 865 493 929 vol
507 872 553 930 ter
567 869 630 931 trie
642 868 893 950 multiplicanti,
953 910 974 925 .-
999 913 1002 924 ·
1016 884 1021 889 ·

123 1052 271 1116 oramus,
284 1049 530 1114 manutenere
551 1055 635 1113 teau
652 1052 854 1118 catumeum
868 1036 898 1104 ei
913 1055 1113 1119 tapetum
1124 1072 1219 1110 om

618 1181 725 1231 uera

123 1291 183 1340 quse
198 1274 276 1326 facile
294 1277 359 1326 solvi
377 1290 429 1327 usn
448 1275 540 1342 possit.
574 1275 653 1338 cujus
693 1291 750 1326 rem
762 1276 906 1328 Miscentur
925 1280 1023 1343 cystlris
1040 1281 1135 1344 poeuis
1151 1295 1220 1332 conr·

124 1350 228 1414 quidem
239 1351 304 1414 legis
315 1348 462 1402 meminisse
471 1366 528 1401 euro
540 1358 654 1414 oportet,
692 1349 792 1400 modis!
825 1352 942 1415 Mystica
960 1354 1002 1402 lex
1020 1353 1053 1403 de
1072 1368 1124 1418 qus
1141 1355 1223 1420 loqai·

124 1425 655 1488 quiGriplsumAnsetriisolstloteliigere,
694 1433 745 1484 tur,
762 1426 885 1476 Graecule
901 1428 945 1477 lex
962 1435 1013 1491 est,
1027 1428 1044 1487 d
1060 1430 1113 1492 spis
1130 1428 1222 1494 ιδῃ

125 1515 158 1548 rse
171 1501 331 1564 Scaligerum
348 1502 472 1564 imitatus,
486 1501 599 1549 ordinem
616 1515 653 1548 rc·
693 1501 725 1560 μὴ
745 1499 855 1564 rer-rupo,
872 1503 930 1551 ‘rel
953 1504 1005 1552 tris
1026 1503 1096 1567 bibe,
1111 1507 1153 1554 rel
1170 1518 1222 1555 m

125 1575 211 1638 quirat
223 1577 250 1625 in
259 1576 291 1624 iis
302 1590 358 1640 qua
369 1576 485 1626 ordinem
494 1575 644 1625 excludunt.
695 1580 829 1641 quatuor?
845 1577 956 1634 scilicet,
973 1579 994 1628 sl
1007 1579 1057 1628 tria
1074 1580 1168 1642 pocula
1181 1595 1222 1631 sa·

156 1649 171 1676 '
183 1650 266 1699 Plura
282 1650 315 1700 de
325 1650 424 1713 (tripho
435 1650 457 1700 si
469 1650 654 1713 relis,eonsule
695 1665 782 1713 peres,
798 1651 829 1700 ad
846 1665 937 1700 norem
955 1667 1035 1717 usque
1054 1654 1221 1716 pergendum.

125 1724 221 1773 Athen.
232 1724 276 1772 lib.
285 1737 314 1774 x.
324 1737 383 1788 cap.
395 1729 435 1774 17.
467 1725 590 1774 Ceterum
601 1723 654 1773 Au·
694 1724 737 1774 Ad
747 1726 813 1774 hanc
824 1727 908 1789 legem
919 1727 1025 1791 respicit
1037 1728 1146 1778 Petron.
1164 1743 1222 1778 enm

124 1798 191 1847 socii
204 1798 437 1862 Griphumallsgat
449 1799 531 1848 Divus
547 1798 654 1848 Ambre·
695 1802 749 1852 ait:
765 1802 913 1853 ‘Excusare
924 1804 1004 1868 coeplt
1020 1819 1133 1855 morsm:
1153 1806 1222 1870 qnod

123 1874 176 1920 sius
185 1873 256 1936 spnd
265 1873 403 1924 Aluciunm
414 1874 533 1939 Epistola
543 1873 576 1924 sd
586 1875 653 1938 Leg-
694 1876 776 1925 amica
787 1891 815 1925 se
833 1891 883 1927 uon
903 1878 1052 1941 dimisisset,
1069 1880 1153 1930 tribus
1171 1882 1222 1931 nisi

124 1949 255 1998 dunenses
270 1950 382 2008 Fratres,
399 1957 539 2001 annotante
553 1950 653 2014 Despo-
694 1952 840 2014 potionibus
851 1967 866 2002 e
878 1953 934 2015 iege
943 1953 1056 2004 siccatio.

123 2025 170 2074 sio.
200 2018 243 2072 ¹Iu
265 2039 296 2074 eu
319 2026 421 2089 Edyllio
444 2027 604 2077 reconditam
626 2034 654 2075 et
727 2025 742 2054 ⁶
758 2028 804 2076 Ter
820 2027 884 2089 tite]
900 2026 1000 2077 Auctor
1021 2029 1117 2092 Minos,
1132 2031 1159 2079 in
1177 2046 1222 2094 sp-

126 2102 184 2149 selo
202 2102 370 2165 osnig-atum
388 2114 540 2156 summulam
559 2106 654 2156 doctri·
695 2101 806 2164 pendite
837 2100 1009 2164 Apolegetica
1042 2117 1090 2165 pro
1119 2102 1224 2153 Ausonii

127 2189 185 2225 narn
204 2178 389 2238 agnoscitdos.
403 2180 520 2244 Scaliger
537 2181 655 2244 Epistola
695 2176 805 2239 Gripho,
821 2181 903 2224 totum
914 2175 978 2224 illud
989 2178 1224 2239 argumentumtle·

129 2254 185 2300 1⁹⁰.
216 2251 336 2303 Aedrmae
346 2254 456 2304 schotto
466 2254 598 2303 observat.
610 2255 653 2304 tlt.
694 2255 755 2303 anui
766 2255 1026 2318 Vassorio'l'neologo
1043 2254 1146 2305 minime
1167 2270 1224 2319 pro·

128 2330 542 2390 rr.cepss.etegansetscumm
558 2329 654 2380 dicitur
693 2330 780 2380 batum
802 2329 891 2393 fuisse,
916 2332 958 2381 sel
986 2338 1095 2396 propter
1121 2331 1223 2382 initium

127 2401 288 2452 Poemation.
320 2405 364 2453 De
380 2405 429 2455 lroc
445 2414 473 2454 et
491 2406 559 2468 apud
570 2406 655 2455 illino·
694 2406 820 2457 Carminis
830 2407 964 2469 ludicrum,
982 2408 1052 2471 quast
1065 2408 1099 2456 de
1110 2406 1223 2457 bibendo

127 2493 167 2527 ern
177 2478 305 2528 habentur
315 2493 404 2528 versus
414 2480 451 2529 illi
469 2495 521 2530 non
540 2480 652 2531 inficeti:
695 2483 727 2532 ad
738 2497 873 2532 numerum
884 2484 1079 2547 preciperetur.
1111 2481 1149 2532 At
1162 2495 1223 2532 sero

125 2553 191 2601 ‘'l'er
201 2555 260 2616 lege
272 2562 313 2602 ter
323 2553 427 2605 domum
438 2555 524 2620 lepide
535 2558 582 2605 suls
597 2569 652 2605 car·
694 2558 779 2607 Poeta
798 2558 949 2621 auspicatus
966 2571 982 2605 s
999 2557 1115 2618 ludicris,
1136 2557 1224 2606 statim

127 2628 303 2688 mineindum,
321 2630 421 2678 Lector.
455 2629 596 2682 Inhumana
608 2630 654 2679 sed
695 2632 728 2680 sd
739 2631 990 2695 penitioraemnium
1009 2629 1225 2694 ierediscipllne·

129 2703 217 2764 procul
227 2701 335 2750 invidis.
356 2703 406 2751 'l'er
414 2716 479 2765 pure
490 2704 558 2753 lecto
570 2719 654 2754 recre·
695 2722 749 2755 rum
761 2705 907 2769 penetralia
918 2706 1042 2755 lectorem
1053 2704 1171 2757 deducit.

128 2778 210 2826 aberis
232 2779 288 2840 ipse
311 2777 405 2828 libello.
438 2779 491 2827 Ter
519 2780 586 2842 iege,
614 2787 655 2829 ter
726 2781 741 2810 ⁶
760 2783 854 2830 Totiens
876 2780 966 2843 umes]
982 2781 1082 2845 Supple
1104 2782 1223 2845 scyphos.

128 2853 235 2912 doctus,
254 2861 293 2900 ter
305 2852 352 2901 tibi
365 2860 453 2914 gratus
464 2853 524 2903 erit.
557 2854 616 2904 Jem
634 2856 655 2903 si
695 2857 779 2905 Docet
807 2856 907 2907 Plinius
939 2857 1010 2906 Hist.
1044 2857 1089 2906 lib.
1120 2870 1225 2907 xxvrrt.

128 2942 175 2987 me,
186 2927 309 2988 audieris,
326 2926 403 2976 facite
424 2928 487 2975 licet
508 2937 570 2978 ante
587 2931 653 2992 peri·
695 2931 856 2980 Demetrium
879 2933 1025 2981 condidisse
1051 2933 1169 2982 volumen
1191 2932 1225 2982 de

127 3005 211 3051 cium:
227 3003 278 3050 'l'er
289 3002 357 3065 lege,
365 3008 405 3050 ter
414 3002 493 3064 lecto,
503 3009 544 3051 ter
554 3017 655 3068 quoque
695 3007 860 3070 quaternario
872 3021 988 3067 numero,
999 3014 1026 3057 et
1034 3022 1114 3072 quere
1122 3015 1226 3072 quater·

131 3079 224 3128 doctus
235 3077 306 3128 eris.'
695 3083 759 3129 narii
769 3081 854 3143 cyathi
867 3081 1007 3131 sextariive
1020 3096 1071 3130 nou
1083 3089 1171 3132 essent
1181 3097 1225 3145 po·

162 3153 281 3216 Grtptu]
299 3155 382 3217 Γρῖφος
401 3162 429 3204 et
448 3157 531 3217 i'piros
552 3157 656 3218 Grtptas
696 3159 778 3206 tandi.

129 3243 174 3277 seu
187 3229 287 3291 Gripus,
295 3231 401 3292 proprie
413 3229 480 3278 Rete
490 3231 656 3293 piscatorium
730 3232 745 3261 ⁶
761 3233 804 3282 Sic
816 3233 914 3296 mystico
926 3235 965 3282 lex
976 3233 1022 3296 est]
1039 3234 1088 3282 Vel
1102 3241 1143 3283 ter
1159 3233 1227 3291 bibe,

129 3313 178 3366 est,
194 3304 294 3366 turm,
310 3312 338 3354 nt
354 3306 461 3368 exponit
475 3305 577 3355 suidas.
610 3308 658 3356 Est
699 3309 740 3356 rel
761 3309 857 3357 novics.
890 3310 951 3371 Ter,
974 3309 1057 3374 iuquit
1080 3309 1167 3359 Acron
1194 3312 1227 3360 ad

131 3380 219 3440 etiam,
235 3388 264 3429 nt
275 3380 312 3428 ait
322 3380 375 3442 ille,
391 3380 504 3430 δύσκολος
515 3381 554 3429 sal
571 3396 658 3441 συμπε-
699 3383 792 3432 liorat.
803 3382 855 3433 Od.
868 3389 908 3434 lit.
921 3385 963 3433 tib.
975 3398 1020 3433 stt.
1040 3392 1149 3448 propter
1162 3384 1228 3434 Gra·

27 3461 30 3464 ’
130 3455 351 3519 emisissemus,
369 3456 456 3517 dixsse
465 3455 659 3519 ratiocinium?
699 3459 747 3508 lias
778 3475 835 3523 qttae
865 3460 984 3509 ltelitiam
1009 3461 1115 3523 dabani,
1138 3461 1229 3510 novies

128 3531 161 3589 ni
171 3529 315 3591 φωνόμον.
326 3530 464 3582 ‘Difficilis
476 3541 503 3581 et
514 3533 658 3596 implicatus
699 3542 807 3596 propter
817 3536 918 3583 Muses.
939 3534 1065 3584 Similiter
1074 3536 1156 3582 Varro
1167 3549 1229 3583 cou-

129 3622 224 3669 sermo,
231 3609 398 3658 itabensinse
407 3625 507 3659 sensum
519 3624 567 3658 non
578 3624 657 3673 eppa·
699 3611 812 3658 vivarum
833 3623 964 3656 nnmerum
983 3608 1108 3656 deberee
1125 3608 1228 3658 (iretis-

130 3682 249 3732 rentem!
282 3683 340 3732 Hoc
352 3684 488 3746 posteriori
504 3683 659 3746 significato,
699 3699 754 3732 rum
767 3684 881 3746 incipere
893 3696 1008 3745 numero,
1025 3689 1053 3732 et
1063 3684 1187 3748 progredi
1195 3684 1228 3734 sd

133 3759 176 3820 qni
194 3759 383 3819 metaphoricos
403 3765 454 3820 cst,
470 3759 511 3806 liic
524 3758 659 3820 accipitur.
699 3762 831 3809 Musarum
841 3760 1094 3810 nnmerumceusuit.
1128 3762 1152 3811 N
1158 3761 1176 3809 ll
1186 3775 1231 3810 ne·

132 3831 288 3894 Huiusmodi
306 3833 436 3896 enigmata
456 3847 501 3881 seu
529 3847 659 3882 sermones
699 3849 773 3884 cesse
784 3840 825 3884 est
836 3849 893 3882 cum
905 3834 993 3883 Minoe
1012 3849 1060 3898 per
1074 3835 1229 3898 ‘mysticam

132 3908 253 3957 obscuros
266 3908 363 3969 Latini,
379 3915 444 3958 teste
456 3909 658 3967 Gellioiibtxrr.
698 3909 801 3972 legem,'
829 3908 899 3957 eliud
928 3923 1050 3958 arcanum
1074 3908 1229 3970 intelligere,

132 3997 191 4046 cap.
208 3988 234 4033 d.
255 3983 383 4046 ‘scirpos'
405 3985 465 4032 olim
486 3984 660 4047 appellarunt.
700 3982 769 4047 quod
782 3984 852 4046 quasi
863 3991 1068 4046 sanctumatque
1082 3982 1230 4045 religiosum

130 4058 354 4122 Sepermeusant
371 4060 506 4122 plurimruu
526 4061 596 4108 inter
616 4073 660 4122 po·
700 4059 786 4121 aliquo
815 4062 919 4118 tegetur
950 4057 1094 4105 involucro.
1141 4056 1230 4122 leuge

132 4133 237 4183 tsndum
247 4135 356 4198 proponi
367 4134 443 4184 solita
452 4142 527 4184 erent
536 4134 660 4199 ejusmodi
700 4133 785 4196 petita
805 4146 862 4197 quae
884 4130 966 4192 addit,
983 4129 1095 4179 Poetam
1115 4131 1230 4182 alludere

130 4205 277 4270 aeuigrnsta,
294 4208 404 4271 poenain
416 4210 526 4273 eumqui
546 4223 596 4257 uon
612 4209 661 4258 soi·
700 4209 733 4258 ad
753 4222 871 4257 numeros
890 4205 1089 4268 Pythagoricos,
1106 4207 1155 4256 etsi
1178 4222 1229 4258 non

130 4290 206 4332 reret
215 4285 348 4346 preposite
358 4282 502 4347 grandioris
513 4285 598 4347 poculi
616 4298 661 4332 ex·
702 4283 792 4346 ignoro
804 4282 944 4331 ternarium
956 4289 1089 4331 numerent
1105 4283 1229 4348 aPytha·

131 4357 259 4407 siccandi.
702 4358 794 4420 goraeis
805 4357 898 4406 crebro
910 4362 1070 4420 usurpatum,
1086 4359 1228 4409 adhibitum

165 4437 178 4481 t
199 4435 246 4483 Ter
257 4433 316 4494 tile,
326 4435 431 4498 νομῇ]
446 4433 539 4484 Horat.
550 4433 609 4482 Ode
622 4437 660 4483 itt.
701 4444 801 4495 queque
820 4432 984 4483 aVeteribus
1003 4433 1028 4482 in
1043 4435 1123 4486 sacris
1142 4435 1231 4500 serpis·

132 4508 179 4558 tth.
192 4522 233 4558 ιιι.
252 4509 306 4571 jam
317 4510 411 4559 citata:
429 4510 539 4560 ‘Tribus
556 4516 600 4558 eut
617 4523 660 4558 uo·
700 4507 771 4557 sime.

200 4589 317 4652 volptas
328 4589 385 4639 Ver.
397 4590 461 4638 ctos.
633 4591 720 4638 Auser.
781 4603 784 4609 ·
1104 4595 1120 4638 2
1138 4590 1163 4638 tt
