2806 5234
449 770 602 825 ausurus
629 771 843 825 uerrsrurs.
1100 765 1185 829 1007

100 905 262 969 Phosphoro,
272 905 464 966 etmeritusuo‚
475 915 503 959 et
513 909 624 973 Augusti
664 924 752 960 rerusn
774 926 884 964 censeo:
910 917 959 965 etsi
977 923 1066 968 eontra
1082 922 1185 966 senteu-

86 982 330 1045 ‘cornruendstione,
352 997 367 1030 s
385 998 434 1047 qno
456 991 556 1033 amatus
575 991 623 1033 est.
663 985 725 1034 tiam
737 988 794 1050 eJus
805 988 848 1049 sit,
865 997 892 1037 et
911 992 1045 1054 suiipsius
1057 993 1188 1051 'calamon¹

100 1057 322 1107 Honoratissimus
341 1065 427 1106 sutem
444 1059 572 1122 quudrigre
590 1061 625 1108 lu·
663 1065 850 1127 ant'operarius
861 1066 994 1115 esrsverit.
1018 1068 1107 1117 Multis
1116 1068 1185 1116 eninr

100 1148 153 1189 eus,
171 1141 200 1183 ut
215 1134 300 1195 doctri,
319 1150 351 1184 ex
374 1137 441 1186 Circi
459 1138 578 1188 instituto
594 1138 626 1187 si·
663 1138 799 1188 contendit
805 1139 907 1209 jugules
918 1139 1022 1188 minoris
1031 1139 1185 1203 dignationis

99 1209 332 1273 nisteriorjngaiis.
354 1211 441 1261 Orsare
454 1214 625 1275 Epigramma·
662 1227 737 1277 quam
756 1210 868 1262 irrntrios
889 1211 976 1261 fuisse.
1007 1213 1058 1261 Sed
1075 1227 1123 1263 auo
1140 1209 1185 1264 de·¹

99 1287 132 1334 tis
151 1286 218 1335 iilius
236 1302 324 1336 versus
342 1290 378 1338 sie
390 1298 450 1338 suut
461 1292 625 1355 concipiendi
662 1295 731 1349 ssrnt,
748 1304 803 1354 quae
827 1288 942 1338 erunibus
958 1288 1014 1351 ejus
1030 1292 1186 1350 argumentis

98 1361 350 1426 etinterpnugendi:
365 1366 469 1425 Pegasus
478 1356 532 1415 isias
541 1370 625 1417 dexter
661 1379 797 1427 opponam.
830 1365 891 1424 Hie,
907 1364 928 1411 si
945 1363 1006 1411 mihi
1017 1362 1101 1411 eredis
1116 1352 1187 1426 (nasu

97 1437 624 1506 curruntihilaousdriou‚Fusisedquor·
662 1440 775 1503 exsequi
790 1439 989 1502 disputationem
1018 1435 1093 1486 istuis
1119 1452 1186 1488 nuuc

97 1514 253 1561 taudettr'ii
266 1515 453 1578 Castorepuum.
486 1519 572 1581 Perge
588 1520 624 1567 iu·
660 1529 711 1564 nou
737 1513 826 1577 vacat)
853 1515 980 1564 Ausonius
1007 1513 1186 1577 phosphorum

99 1589 155 1652 quit
166 1588 198 1636 nd
211 1589 312 1651 Elysias
323 1590 407 1652 sedes,
424 1600 451 1639 et
467 1607 525 1641 eum
543 1595 624 1658 equis,
660 1588 733 1652 punit
752 1589 778 1637 iu
793 1590 858 1651 jugo
878 1588 910 1637 ad
931 1589 1032 1648 terum,
1052 1587 1097 1651 qni
1117 1588 1187 1637 luens

99 1663 143 1725 qni
155 1663 189 1711 ibi
202 1666 408 1727 prestantissimi
418 1666 556 1728 habentur,
565 1684 624 1732 qua·
661 1678 719 1713 ntes
737 1666 866 1714 sententis
883 1665 1028 1726 praecipuus
1045 1669 1093 1724 est,
1110 1677 1186 1727 quem

86 1737 196 1801 drigurn
217 1753 364 1802 componas.
396 1740 427 1789 In
445 1756 476 1790 et
492 1742 625 1806 quadriga,
661 1740 811 1802 plerumque
832 1739 937 1788 tenebat
956 1745 1074 1802 speratus
1095 1743 1187 1788 enetos

97 1810 133 1859 ibi
150 1820 255 1861 currant
271 1813 365 1862 dexter
382 1815 495 1877 Pegssus
506 1823 533 1864 et
545 1818 623 1866 iaesus
662 1814 794 1864 victoriae:
812 1814 835 1862 ei
847 1814 965 1862 dextrum
982 1814 1008 1862 in
1020 1813 1110 1862 eodem
1122 1813 1187 1877 jugo

98 1884 179 1935 Arion
192 1887 224 1935 ad
237 1888 328 1950 juguni
347 1890 457 1940 seilicet.
488 1892 540 1941 Sed
558 1891 623 1954 iuni,
661 1890 730 1940 locut
749 1892 893 1954 Pegasum:
911 1889 1011 1939 sunsies
1030 1897 1115 1939 sutem
1134 1899 1188 1938 sta·

97 1963 124 2011 id
147 1971 197 2024 est,
220 1964 252 2012 ad
275 1965 362 2014 hinem
388 1967 481 2016 Castu
501 1968 550 2017 tibi
579 1967 624 2018 det
662 1965 713 2013 tuit
728 1965 858 2014 sinistrum
871 1965 977 2025 Ariona,
994 1964 1111 2013 dextrum
1129 1965 1188 2026 Cyi·

99 2047 217 2102 quartum
234 2057 306 2091 suurn
326 2058 428 2107 eqnunr.
462 2046 526 2095 Vult
545 2047 623 2109 igitur
661 2038 753 2087 litium·
773 2039 914 2088 Gronovius·

99 2115 212 2164 Castoris
229 2131 322 2180 equum
342 2126 370 2168 et
390 2120 565 2183 Phosphorunr
587 2121 626 2170 fu·
695 2115 746 2163 No·
768 2119 826 2164 2⁵³·
860 2120 872 2162 l
893 2115 986 2178 Sparge
1004 2130 1066 2164 mero
1087 2114 1188 2178 dueta]

97 2192 168 2238 nates
189 2205 256 2254 esse,
272 2199 391 2258 tunquam
411 2196 543 2260 quadriga,
559 2199 624 2261 opst.
660 2189 820 2253 ‘Reiiiquias
839 2191 906 2253 vino,
922 2197 950 2239 et
970 2190 1081 2239 bibulum
1102 2191 1187 2240 levero

97 2277 161 2314 mos.
202 2267 316 2317 Quartus
342 2283 423 2333 equus
445 2270 471 2319 in
493 2272 625 2335 qusdriga,
662 2265 794 2315 faustam:
815 2267 879 2315 iihru
901 2280 939 2315 vr.
960 2266 1088 2317 AEneidos.
1116 2269 1187 2318 Vise·

96 2339 138 2387 rei
160 2348 200 2388 est
219 2340 311 2391 dexter
331 2340 433 2407 funalis,
451 2347 471 2394 ri
490 2361 505 2393 s
521 2347 625 2397 sinistra
662 2346 708 2389 itt·

97 2427 233 2464 numerare
250 2416 366 2480 incipies,
384 2421 425 2468 rei
442 2421 554 2482 sinister,
571 2423 592 2471 si
607 2437 623 2471 ι
694 2417 728 2465 Ei
746 2418 816 2466 odoro
830 2418 909 2480 perisse
919 2417 1005 2480 surdo]
1023 2417 1103 2482 Lege,
1121 2419 1189 2468 derre-

98 2488 192 2537 dextra
212 2491 319 2554 primum
343 2502 489 2558 computes.
521 2496 573 2545 Sed
596 2490 626 2545 ni
662 2492 931 2553 titulumne-turdi·
964 2484 1189 2544 Voxrariot‘an3

97 2561 195 2613 diorum
217 2572 267 2627 est,
284 2567 387 2616 sinister
406 2567 499 2618 ssrnaiis
516 2572 624 2620 honora·
663 2565 743 2628 guen'
768 2567 978 2630 interpretationi
999 2567 1083 2616 iocum
1106 2569 1187 2617 dedit.

97 2639 156 2697 tior,
177 2640 236 2690 ideo
253 2643 349 2704 primus
367 2643 546 2695 numerandus.
580 2648 623 2697 Siu
662 2630 852 2689 Vindicliffliiss
885 2642 998 2703 ‘simiis
1024 2635 1192 2706 unguinibus,

97 2722 202 2778 quartus
220 2717 270 2765 erit
287 2716 380 2768 funalis
396 2719 496 2771 dexter.
531 2722 625 2787 Itaque
663 2717 739 2778 tedis,
750 2719 817 2780 pice,
829 2718 960 2781 sulphure,
975 2720 1054 2769 cern!
1069 2717 1190 2791 Vaierius'

97 2791 118 2839 si
130 2792 222 2841 Castor
239 2800 358 2856 quartum
377 2810 470 2859 equnrn
485 2795 517 2846 sd
536 2790 625 2847 iuueni
662 2794 770 2842 Flaccut
792 2795 809 2841 i.
832 2808 869 2842 rt.
890 2795 1033 2857 argonaut.
1075 2794 1186 2857 ‘Pingui

97 2865 141 2914 dat
153 2866 314 2931 Phosphoro,
327 2869 423 2932 primus
442 2877 482 2920 est
494 2873 624 2934 quadrigae
661 2865 718 2916 fluit
730 2869 841 2929 ungitine
852 2869 945 2918 telius!

96 2942 271 3005 Phosphorus,
279 2943 398 3006 idemque
407 2946 512 2993 sinister
520 2945 623 2995 isrnsiis.
694 2944 744 2991 No.
756 2948 812 2991 254.
845 2949 859 2991 3
871 2944 955 3005 Sitque
966 2945 1013 2993 istu
1023 2944 1125 3007 dunch]
1136 2945 1187 2994 Ve-

96 3017 138 3064 Sie
155 3016 248 3064 dexter
264 3018 290 3064 in
303 3017 366 3078 jugo
379 3018 504 3080 Pegasus,
521 3018 624 3068 sinister
661 3020 701 3062 rus
712 3015 796 3063 iiber:
813 3015 1060 3080 superumerale
1077 3019 1188 3080 hagios.

97 3091 185 3139 Arion.
221 3089 288 3139 Haeu
317 3097 377 3138 sunt
397 3091 623 3142 indubitatissime.
662 3089 1067 3152 NonrideucurScaiigersibi
1087 3101 1186 3142 mutau-

96 3164 228 3227 Scriptum
245 3170 302 3212 erat
314 3164 391 3213 Fossis
407 3169 431 3213 ei
441 3172 549 3227 quartum
562 3168 624 3230 (iuro
661 3163 720 3211 duno
732 3161 835 3210 duxerit
847 3163 872 3208 in
884 3163 1006 3223 longius.-
1017 3164 1086 3227 quod
1098 3167 1188 3215 nihilo-

91 3239 162 3299 suuis
173 3237 230 3302 eud)
240 3254 287 3302 pro
300 3239 539 3302 Fusiudquurtum.
558 3242 623 3291 Inde
660 3239 751 3298 minus,
771 3237 792 3284 si
811 3236 885 3285 nobis
905 3236 1043 3287 Eruditiss.
1067 3239 1187 3290 Heinsius

70 3379 73 3384 Ι
97 3316 140 3381 qui
159 3315 241 3364 versui
258 3315 392 3365 consulere
409 3317 522 3377 voluere,
533 3318 566 3367 de
578 3333 624 3366 suo
661 3311 865 3361 emendationem
891 3326 961 3359 suern
987 3312 1137 3376 probaverit
1160 3316 1187 3364 in

97 3389 261 3452 addiderunt,
271 3390 378 3438 Funiset
386 3391 417 3438 od
426 3397 542 3452 quartum.
554 3392 623 3442 Hine
661 3387 779 3449 Virgilio,
796 3387 852 3434 Eut.
863 3399 902 3435 rr.
921 3386 963 3436 ⁴0
974 3389 1034 3436 mihi
1047 3395 1098 3437 tam
1109 3390 1186 3453 louge

100 3472 198 3515 eertum
210 3472 260 3526 est,
272 3466 450 3528 Phosphornru
462 3474 490 3515 et
502 3467 624 3515 Ciiiarnru
660 3469 765 3511 maneat
780 3477 839 3525 pars
856 3463 944 3512 uitisus
960 3464 1019 3513 vitae
1031 3464 1141 3528 Spiritus
1159 3458 1190 3515 et‘

98 3540 297 3591 sunalesfacere
307 3540 458 3590 Ampium¹
492 3542 562 3605 Ei'ssi)
575 3544 625 3592 Pe.
660 3544 784 3600 quinium
802 3544 841 3585 stt
863 3538 913 3586 erit
937 3545 981 3587 iiia
1001 3539 1089 3588 dicere
1106 3539 1188 3590 faifli'

97 3630 184 3679 gesur,
193 3624 220 3663 et
232 3614 313 3663 Arion
319 3615 429 3678 jugales.
457 3617 532 3669 Quod
543 3620 625 3681 ipsum
661 3613 751 3675 procui
772 3612 849 3662 dubio
869 3613 1027 3662 retinendum
1048 3615 1106 3664 erit.
1139 3617 1187 3665 Est

98 3691 255 3755 expressisse
272 3688 381 3738 Podtarn
403 3699 509 3755 putaret
525 3693 625 3756 aliquis,
662 3702 723 3738 sane
735 3687 763 3735 ri
775 3688 886 3753 ‘longe’
902 3689 927 3738 in
941 3688 1070 3751 Medusa,
1079 3689 1186 3754 aliisque

96 3767 225 3831 legendus
244 3767 350 3828 Pegasus
360 3767 516 3830 sussexta,
528 3773 625 3818 curum
662 3772 727 3814 vett.
739 3765 815 3814 codd.
847 3764 898 3813 Sed
916 3762 1002 3827 ἐπέχω,
1020 3764 1081 3829 quie
1096 3765 1121 3814 iu
1136 3766 1187 3815 iliis

89 3844 163 3905 jugo,
186 3843 257 3890 mdo
278 3842 362 3890 Arios.
396 3842 514 3905 Pegasus
532 3841 626 3892 dexter
661 3847 744 3890 oeete
760 3840 834 3889 niuris
850 3855 925 3905 quarn
943 3854 1013 3902 sepe
1029 3838 1188 3889 eoat‘undun·

97 3925 125 3967 et
134 3915 535 3980 iernsdrioujugalescnrrnnt.
562 3916 625 3966 ‘Jn·
663 3921 713 3964 tur.
747 3917 811 3968 Qun
828 3917 932 3965 Servius
951 3915 1186 3977 nutst,oihitcerri

98 3990 625 4055 ga’proJugaiibus:loquutioipsutra·
663 3989 781 4040 afferunt.
814 3992 861 4041 Est
889 3991 976 4041 itideno
1001 3991 1115 4039 incertus
1142 3990 1189 4039 iiie

97 4068 189 4117 latitia.
213 4066 313 4116 sunu.
324 4068 355 4114 ud
366 4066 482 4116 Setinum.
662 4080 759 4128 versus,
769 4066 812 4129 qni
823 4066 918 4128 legitur
928 4067 952 4114 in
966 4066 1042 4128 tertio
1052 4064 1185 4115 AEneidos:

132 4143 208 4191 Funis
217 4143 282 4191 stud
297 4140 418 4204 pannum]
437 4140 569 4206 Quidquid
586 4157 625 4192 re·
662 4141 778 4205 ‘Accipe
798 4149 825 4190 et
842 4143 908 4202 haeu,
927 4156 1044 4190 munuum
1065 4140 1111 4189 tibi
1128 4155 1186 4204 quse

98 4213 292 4280 pugnetdedru
307 4215 338 4265 ed
355 4216 469 4266 Soiiuuns
489 4232 547 4281 psg.
568 4221 625 4266 899.
662 4222 824 4266 monumenta
845 4230 958 4264 mearum
980 4217 1045 4277 Sint,
1068 4230 1141 4279 puer,
1158 4223 1187 4268 et

98 4305 160 4340 veru
178 4292 258 4341 tectio
276 4297 332 4341 est:
350 4292 435 4341 Mnus
455 4292 531 4341 Arion
552 4293 627 4341 Funis
662 4293 766 4355 iungunt
778 4290 956 4341 Andromedes
974 4298 1102 4340 testentur
1118 4304 1185 4340 enan

96 4372 146 4415 est.
181 4366 348 4421 Quartamdet
367 4366 412 4415 tibi
431 4367 517 4416 Custos
534 4381 625 4429 equum.
662 4367 734 4416 rens!
777 4365 818 4415 Ad
840 4379 915 4430 quens
937 4365 1055 4415 Servius:
1079 4365 1132 4413 ‘Et
1153 4364 1186 4414 de

98 4440 148 4489 Est
173 4439 207 4488 ibi
235 4440 330 4502 legere,
353 4440 572 4490 honoratissimum
599 4441 624 4490 iu
663 4439 805 4502 praeterito,
816 4445 843 4488 et
853 4439 886 4487 de
897 4438 999 4488 farturo:
1017 4446 1045 4487 ut
1062 4453 1186 4501 agnosces

97 4515 225 4581 quadrigis
248 4515 331 4563 iocum
354 4528 387 4562 ex
411 4515 528 4564 instituto
555 4514 626 4563 Circi
662 4521 783 4579 quantum
802 4523 827 4564 te
845 4514 885 4563 rei
902 4513 1050 4575 amaverim,
1066 4514 1106 4563 vel
1117 4530 1188 4564 erna-

98 4591 177 4642 suisse
189 4590 284 4655 jugalis
300 4588 405 4642 sinistri.
436 4591 494 4656 Ego
509 4597 581 4643 certe
599 4589 626 4639 id
663 4589 790 4638 turesirn.
822 4589 915 4640 Potest
931 4596 959 4639 et
976 4589 1185 4656 prodisseeipi!
