2806 5234
476 779 630 829 ausonis
654 781 799 830 ousass
826 783 955 833 uenus.
1169 769 1255 840 1035
1314 824 1317 830 .

167 917 251 965 hostia
260 931 358 968 sucrum
371 920 447 982 fauit,
463 922 506 985 qui
520 928 692 986 coagmentum
730 923 808 973 tanin
820 924 827 946 '
840 925 978 975 secundam
1001 929 1124 991 syllabam
1147 933 1256 995 corripit

166 1005 215 1041 nec
238 994 368 1056 protollat,
387 995 485 1045 idcirco
508 1004 593 1046 tamen
611 997 692 1060 probe
729 998 867 1063 Ausonius,
890 1015 965 1065 quam
985 1002 1059 1050 nrodo
1084 1004 1253 1066 producebat.

167 1067 264 1118 facturn
281 1079 346 1120 esto.
378 1071 407 1121 Si
426 1072 483 1136 quis
499 1074 559 1122 huic
576 1088 627 1123 arce
646 1074 691 1123 do·
728 1071 802 1120 ideas·
1255 1086 1259 1095 ’

165 1159 226 1193 nans
247 1144 320 1205 dare,
339 1161 482 1212 augereque
502 1149 581 1205 volet,
601 1149 689 1198 liceto.
759 1147 906 1210 BUsqaseiss
926 1147 1078 1212 i'eutnrugos]
1106 1151 1149 1201 ltu
1169 1155 1254 1204 omniu

165 1220 313 1284 Eademque
324 1223 366 1271 lex
377 1223 402 1271 ei
413 1222 481 1273 dono
495 1231 560 1285 esto,
569 1239 626 1288 qnoe
637 1239 689 1275 srae
726 1219 872 1271 Ausonisne
880 1223 1039 1286 exemplaria
1048 1226 1160 1276 scribere
1168 1229 1253 1279 obser·
1269 1261 1271 1265 ψ

164 1301 214 1345 est.
247 1295 349 1344 Ceterae
366 1297 504 1360 legeshnle
522 1299 689 1360 arae,titulis·
726 1295 859 1346 ravimus:
887 1311 951 1361 qnos
978 1313 1066 1348 omnes
1094 1301 1253 1368 Geograpiri,

163 1383 213 1430 que
241 1370 339 1419 cedem
366 1379 450 1433 sunto,
469 1387 527 1436 quar
551 1380 610 1422 suut
635 1388 687 1422 ares
725 1371 873 1433 Tectosagos,
890 1373 969 1435 (ipro
989 1374 1015 1423 U
1022 1375 1148 1440 scribunt,
1158 1379 1252 1444 aliique

164 1444 258 1495 Dianae
270 1446 297 1494 in
309 1445 446 1496 Aventino.
481 1448 561 1497 Hisce
577 1448 689 1513 legibus,
725 1454 853 1499 auctores.
869 1449 908 1498 lu.

162 1519 253 1585 bisque
265 1522 411 1584 regionibus
432 1525 481 1584 sio,
494 1524 530 1574 nti
548 1525 612 1585 dixi,
621 1526 687 1575 hanc
758 1523 900 1586 Paucaque
910 1525 1006 1575 cominu
1014 1526 1111 1592 Bricca]
1125 1530 1252 1580 ‘Belcae’

162 1597 210 1646 tibi
236 1612 305 1646 aram
327 1613 374 1661 pro
399 1599 561 1662 Imperatore
583 1602 687 1652 cesare
724 1611 769 1647 scu
785 1599 914 1648 ‘Bolcss'
936 1603 1156 1653 vocsc‘nomina
1175 1619 1252 1668 paga-

162 1669 292 1732 Augusto,
324 1680 397 1735 patre
431 1675 531 1737 patrie,
559 1676 687 1726 Pontifice
724 1674 773 1736 na,'
799 1675 847 1724 boc
868 1683 918 1737 est,
941 1690 1032 1740 pegus,
1059 1689 1096 1743 ιιι,
1124 1682 1257 1734 ‘Nomen

161 1749 442 1812 Maximo,'l'ribunicia
461 1759 592 1815 potestate
611 1753 689 1803 trice·
722 1746 1249 1819 Aquilwumfh⁰⁰e⁸lsdql¹lt⁸n⁰⁸ipaou

161 1822 251 1872 simum
279 1825 421 1888 quinctnrn,
448 1827 566 1889 conjuge,
592 1828 688 1892 liberis,
723 1822 792 1886 quod
803 1823 952 1874 babitarent
971 1841 1018 1889 per
1035 1842 1124 1891 pagos,
1142 1837 1171 1880 ut
1188 1831 1250 1880 liel-

162 1907 290 1963 genteque
318 1900 382 1964 ejus,
407 1901 514 1961 senatu,
541 1904 686 1969 populoque
723 1898 941 1949 vetlielateeuiur
951 1904 1090 1966 pstetpagi
1100 1905 1252 1967 appellatio,

160 1973 284 2033 Bouiano,
300 1976 404 2036 colonie,
420 1977 562 2041 incolisque
579 1979 685 2029 colonia
723 1979 752 2021 ut
763 1980 790 2021 et
808 1973 932 2024 civitatis.
964 1976 1008 2026 Sic
1020 1977 1046 2025 in
1058 1979 1189 2029 veteribus
1197 1995 1251 2029 uro·

160 2048 238 2099 Joiiae
250 2049 371 2099 Paterno
383 2051 626 2114 Narboniqunji,
642 2057 686 2119 qui
721 2047 842 2096 nimeutis
871 2049 1073 2100 Christianorum
1107 2060 1248 2117 martyram
1310 2093 1315 2100 .

159 2136 187 2171 se
198 2124 294 2172 numiui
305 2126 360 2188 ejus
370 2126 396 2174 in
407 2136 559 2190 perpetuum
575 2130 685 2180 colendo
722 2136 824 2185 tempti
835 2123 941 2186 legitur,
966 2124 976 2152 ⁴
987 2125 1074 2189 Pagus
1097 2127 1253 2191 Velauuur,'.

160 2198 347 2262 obligaverunt,
359 2200 452 2265 doque,
464 2201 624 2268 dedicoquc:
646 2206 684 2254 uti
721 2197 769 2245 ¹¹⁰0
787 2205 838 2259 eal,
859 2206 915 2247 tota
935 2202 1104 2263 prepositura
1120 2203 1249 2253 Velsuuu.

159 2272 209 2323 sies
220 2275 309 2322 rolens
319 2275 463 2337 propitius)
484 2277 562 2328 Vinci.
720 2286 794 2321 rurn:
812 2280 840 2322 et
857 2279 954 2337 ‘pegus
970 2274 1083 2324 Gabalns
1093 2276 1110 2324 ι’
1127 2285 1155 2327 et
1165 2279 1203 2327 sic
1213 2279 1247 2329 de

190 2348 348 2411 tSequaeis]
365 2350 512 2415 ‘Sequani'
531 2353 683 2418 21⁶&un
721 2347 797 2396 aliis:
820 2348 888 2397 unde
907 2348 1009 2399 Gallica
1028 2350 1114 2414 lingua
1130 2353 1249 2415 retinuit,

158 2423 211 2485 ua,’
233 2426 301 2488 spud
323 2426 463 2487 Lucanum,
480 2427 636 2489 Martialem,
656 2436 685 2479 et
720 2424 765 2473 scd
776 2439 941 2489 corrumpens
954 2442 1024 2478 more
1035 2444 1096 2479 suo:
1108 2430 1247 2480 diciteniru

158 2499 223 2548 elios
244 2501 415 2563 produciturr
434 2502 563 2553 Ausonius
590 2507 616 2553 iu
644 2505 683 2554 iris
718 2514 786 2563 pour.
820 2502 880 2551 Nou
892 2503 960 2552 enirn
970 2506 1124 2567 pronunciet
1140 2520 1169 2567 g,
1185 2515 1247 2557 unte

157 2576 245 2638 paullo
254 2575 357 2625 liberior
367 2590 423 2625 esse
433 2579 515 2626 solet:
531 2579 628 2642 qnippe
639 2578 684 2642 qui
719 2576 851 2625 vocalem:
869 2584 908 2638 ut,
918 2579 926 2606 ‘
935 2579 1050 2642 pagare,’
1059 2579 1128 2643 qnod
1140 2581 1247 2630 ductum

155 2649 184 2700 in
199 2650 318 2701 ‘Phidia’
339 2653 457 2715 primam,
482 2654 507 2702 in
536 2654 684 2715 ‘Scatinia,'
720 2652 926 2714 esta‘pacere,'
941 2654 1247 2720 puyerr‘plaffi'piayq

157 2732 185 2776 et
200 2727 334 2790 ‘trigono’
344 2734 372 2776 et
381 2728 389 2755 ⁸
397 2735 531 2791 tetragono
540 2729 547 2751 ’
556 2729 682 2778 secundas
718 2728 768 2776 dre.
795 2727 925 2792 Pleraque
936 2728 1022 2779 Gallia
1033 2730 1092 2780 olins
1102 2745 1153 2779 non
1164 2732 1246 2780 solnm

155 2808 247 2851 natura
265 2804 353 2867 longas
363 2804 534 2867 corripuerit:
554 2814 582 2854 at
592 2812 684 2855 contre
718 2814 767 2863 per
776 2801 905 2868 civitatee,
918 2804 963 2852 sed
974 2812 1002 2853 et
1014 2819 1061 2867 per
1078 2819 1155 2869 pagos
1175 2807 1247 2856 laabi-

155 2877 182 2926 in
198 2879 682 2930 ‘matricida'secuudsmunturebre·
719 2875 832 2926 iubetur.
863 2878 914 2927 Sed
931 2878 1001 2941 apud
1020 2880 1132 2930 Plinium
1148 2883 1247 2946 ‘pagna

155 2966 213 3002 sem
223 2956 345 3017 produxit
355 2956 380 3003 in
393 2956 458 3004 linro
477 2956 510 3004 de
528 2958 683 3019 Caesaribus,
719 2952 894 3001 Gessoriacus'
904 2953 1058 3017 intelligitur
1076 2969 1127 3004 nou
1144 2955 1177 3005 de
1194 2971 1247 3006 uuo

155 3027 205 3075 uiri
225 3026 294 3077 forte
317 3031 459 3076 Muriacidu
475 3030 609 3092 scripserit
633 3046 681 3094 pro
717 3022 786 3082 Vico,
796 3022 841 3071 sed
853 3023 886 3072 de
896 3040 989 3087 mutuo
1000 3029 1073 3077 modu
1084 3030 1149 3091 agri,
1166 3038 1245 3093 atque

156 3101 295 3151 Mutricido.
309 3101 393 3150 idem.
717 3097 783 3146 eden
794 3097 826 3145 de
837 3111 887 3145 unu
897 3106 974 3161 geute
983 3104 1144 3162 quantumvis
1154 3118 1243 3154 ιιιιιιιο·

188 3174 336 3236 Διιώωμι]
364 3174 433 3224 Olim
467 3183 553 3238 partes
581 3177 681 3226 illarum
718 3186 785 3222 rosa.
823 3172 891 3221 Narn
918 3173 973 3222 sine
1000 3173 1079 3223 dnbio
1106 3182 1176 3225 totns
1201 3180 1245 3229 ilie

155 3258 294 3301 tennerunt
312 3250 452 3312 regionum,
469 3265 532 3314 quas
547 3265 615 3301 nnnc
635 3253 680 3301 iia-
717 3255 826 3306 tractus,
845 3248 889 3312 qni
912 3249 1027 3312 pertinet
1047 3264 1063 3298 a
1085 3252 1241 3305 Norruaunis

155 3325 286 3386 bundium,
309 3335 337 3374 et
355 3325 543 3389 Delpbiuatnm
569 3328 681 3377 nomina·
716 3325 805 3386 Belgis
824 3324 856 3371 nd
869 3325 1021 3387 Bononiam,
1032 3323 1168 3375 dicebatur
1178 3328 1244 3379 Ges-

153 3413 220 3450 usus.
235 3401 308 3451 Idm.
716 3401 829 3449 soriecns
849 3412 938 3461 pegus,
954 3399 1095 3448 Bononiam
1107 3415 1169 3451 vero
1180 3402 1244 3454 ues-
1303 3402 1308 3412 '

186 3481 202 3526 'i
227 3479 343 3528 Genitore
358 3476 471 3540 Lemno]
492 3477 543 3527 iiic
565 3486 614 3540 est,
635 3477 680 3541 qui
716 3472 1244 3530 cotiaeumdieramtuiueeneruuotirioe

153 3565 222 3602 nunc
234 3554 380 3617 sulgo,alils
392 3554 502 3613 Gerena,
513 3553 569 3602 aliis
580 3553 680 3602 lausa
716 3549 826 3612 imperii,
837 3563 912 3613 quum
925 3549 1095 3613 Peutingerus
1105 3555 1243 3603 communi-

152 3628 217 3677 iueas
234 3630 390 3691 appelletur.
422 3631 462 3677 Ex
483 3628 601 3691 Alpibus,
622 3643 678 3693 qne
716 3625 787 3674 cavit
798 3625 880 3674 Beato
899 3625 1014 3685 Renano,
1028 3623 1106 3675 t‘scile
1117 3626 1243 3679 declarat.

152 3716 231 3765 snpra
247 3704 330 3752 lacum
350 3711 410 3752 sunt
429 3704 578 3763 Lemauurn,
598 3710 679 3762 onus,
716 3700 877 3762 rneaenim,
888 3699 1241 3768 inquitiienanur,scriptusu

152 3792 200 3842 per
208 3779 320 3829 medinm
329 3779 411 3842 ipsum
422 3779 506 3828 laeum
515 3793 590 3844 quam
598 3782 678 3829 celer·
716 3776 774 3837 fuit,
790 3776 974 3837 ‘Gesseriacm
987 3776 1054 3839 quod
1073 3790 1141 3826 nnuc
1157 3779 1242 3830 Bonc-

153 3853 217 3904 rime
235 3854 387 3918 Lugdunum
402 3856 539 3905 contendit.
573 3856 614 3904 lta
629 3858 677 3907 Ro·
716 3851 777 3901 uia!
811 3852 852 3900 Ne
870 3850 960 3900 credas
977 3865 1087 3914 unquam
1099 3852 1242 3904 Bououisrn

154 3928 248 3979 danum
268 3944 318 3978 uon
341 3938 448 3993 generet
471 3931 612 3980 umerus:
629 3932 678 3980 nisi
716 3925 1103 3977 Gessoriacumdictusnfnisse.
1133 3928 1243 3994 Semper

152 4005 221 4057 rorte
241 4020 258 4055 a
276 4007 334 4055 lucu
346 4006 416 4069 gigni
428 4005 532 4054 florium
545 4006 679 4068 intelligas,
715 4004 783 4053 eninr
795 4017 850 4052 eam
862 4002 1062 4066 sppellationeru
1069 4003 1175 4054 hebuit:
1193 4004 1240 4055 sed

152 4081 197 4147 qui
209 4072 293 4132 iacnni
303 4082 447 4146 egrediens,
458 4083 677 4147 aliquanteanejus
714 4078 924 4128 cucurbitulam
936 4077 1067 4127 civitatem
1076 4080 1136 4142 pagi
1145 4081 1242 4132 (leeso-

151 4172 275 4221 aquarum
286 4157 403 4207 vimcurn
414 4157 466 4205 suis
477 4156 586 4220 unieret,
602 4159 677 4208 etsie
715 4153 785 4204 riaci.
817 4153 860 4201 Sic
876 4165 1009 4216 possumus
1026 4152 1123 4216 dicere,
1142 4156 1240 4206 Bituri-

151 4231 261 4294 pleuior,
273 4230 448 4294 tumidiorque
458 4237 545 4292 exeat,
555 4246 631 4296 quarn
642 4233 677 4283 sit
714 4243 759 4292 ges
778 4227 886 4288 Vibisci,
906 4227 974 4290 qnod
994 4242 1062 4277 nuuc
1083 4229 1240 4293 Burdigelse

149 4308 286 4370 ingresm.
303 4308 378 4357 ram.
713 4319 764 4354 nnn
785 4303 853 4367 qnod
876 4302 1020 4364 Burdigala
1046 4303 1080 4353 sit
1107 4304 1241 4370 Bituriges

184 4383 363 4445 alacriusque
371 4382 490 4445 prauum]
507 4383 612 4433 Montes
627 4384 675 4435 Ce-
712 4376 885 4429 Vibiscirsed
905 4377 974 4442 quod
991 4378 1137 4441 Biturigum
1156 4382 1240 4432 Vibia·

148 4459 253 4521 bennse,
275 4456 387 4508 Galliam
419 4457 610 4509 Narbonensem
642 4460 674 4510 ab
712 4469 808 4505 curum·
839 4453 883 4503 Sic
902 4454 1018 4502 Bononia
1028 4468 1077 4503 non
1089 4462 1131 4505 est
1141 4456 1238 4510 (iesse.

151 4532 292 4601 Aquitania
303 4533 522 4593 disterminantes,
538 4534 618 4597 ipsam
635 4536 673 4585 in·
712 4529 806 4591 riscus,
817 4527 863 4577 sed
875 4529 1101 4603 Gesanriaci'pagi.
1132 4533 1166 4582 Bt
1186 4547 1236 4585 uon

150 4617 221 4662 tram
232 4607 408 4676 Aquitaniam.
430 4607 673 4676 ilicentern‘Aqui·
710 4611 761 4668 est,
771 4603 838 4670 quud
845 4602 913 4654 aliud
925 4603 1239 4674 nomeuelettribuamus,
