2806 5234
420 734 573 782 eunoun
600 733 801 783 numerum
825 736 995 784 uenourr.
1169 719 1233 784 999

151 873 307 936 udjmentle
323 873 383 938 quid
398 873 542 925 laciendum
554 873 675 924 intencio·
713 873 809 936 templo
829 874 955 936 Apolliuie
977 875 1162 927 oncrillcoutem
1191 893 1233 927 ou·

152 948 365 1009 reeeintmanuo,
382 950 557 1001 aiereniorum
577 958 675 998 mentes
712 949 782 998 cidit.
816 949 856 998 Sic
879 950 1231 1015 Hermiouemreeuperevit:

152 1025 232 1074 multo
244 1032 303 1074 eunt
314 1025 451 1075 melioret!
467 1026 585 1075 Clemens
597 1022 675 1073 Alex.
712 1023 822 1086 Delphis
841 1036 903 1082 erpo
922 1024 1049 1085 sepultum
1066 1024 1145 1075 frtiuee
1167 1028 1234 1092 Pyr·

153 1100 197 1148 lib.
210 1113 251 1148 ιιι.
270 1100 376 1163 Paedag.
394 1115 417 1151 e.
427 1104 451 1149 9.
467 1099 579 1163 Φρόνησιν
597 1097 622 1147 bl
637 1098 675 1147 nul
712 1098 785 1146 rlruui
799 1097 906 1147 Achillis
918 1098 1233 1164 iiliuur,dicitepitepbio·

152 1175 254 1237 brulleio
263 1175 374 1237 λογισμοὶ
391 1175 467 1225 romei
483 1174 583 1237 omino,
594 1191 676 1224 owne-
713 1173 834 1235 griphus:
853 1172 897 1220 ted
915 1173 971 1234 ejuo
987 1187 1043 1220 orsa
1061 1174 1187 1239 Hyginus,
1205 1185 1233 1228 et

152 1248 251 1312 μάζιντι
260 1253 295 1313 τῷ
310 1251 392 1314 χρόνῳ·
404 1251 442 1300 eei
453 1250 482 1300 rb
492 1253 566 1315 γῆρας
582 1249 676 1312 brexi-
713 1247 821 1297 Ovidius
832 1250 857 1296 in
869 1247 937 1309 ibin,
955 1262 1000 1310 per
1009 1246 1073 1297 liner
1090 1251 1232 1306 Ambracia·

154 1344 219 1375 ουσιν
239 1329 273 1390 τῷ
293 1327 354 1389 τόνῳ
370 1329 414 1386 τῆς
439 1326 589 1391 πολυπειρίας
610 1325 677 1375 ἄνθος
712 1339 809 1386 sparto.
829 1324 937 1373 Vinetea.
970 1324 1047 1373 Haud
1061 1324 1149 1390 inepte
1161 1328 1233 1393 odeo,

153 1401 529 1465 ὀξιέριιστονφρονήσινςσιμνῆτ,
548 1400 581 1450 rie
598 1401 677 1450 τῖστιν
713 1408 741 1449 ut
753 1408 844 1464 poetee
862 1415 894 1449 ex
913 1403 1018 1450 Eraamo
1036 1401 1124 1464 didici,
1141 1403 1183 1466 qui
1199 1418 1233 1454 ex

152 1477 252 1538 εὔλογον
267 1477 424 1541 προτείνοντες
439 1477 539 1527 romb:
558 1478 677 1540 respicia·
713 1476 849 1526 Peuseuiae
870 1477 1036 1526 Mcaaeuiueie
1060 1479 1178 1541 adagium
1197 1493 1236 1529 re·

153 1559 196 1600 tur
208 1567 283 1616 porro
296 1553 450 1603 Plutarchua
469 1553 521 1617 erpi
538 1555 581 1611 τῆς
596 1553 676 1611 ἠθικῆς
713 1552 775 1615 fert,
794 1551 1055 1613 Nemoniperosrlun,
1072 1553 1097 1601 in
1118 1568 1162 1602 eoa
1182 1554 1234 1606 dic·

152 1625 244 1688 ἃρσῇς,
254 1627 320 1675 bend
332 1629 422 1691 procul
441 1645 457 1678 a
473 1627 533 1690 bne,
546 1629 676 1678 AEachiuee
713 1637 776 1691 tum,
787 1631 829 1693 qui
841 1645 872 1678 ee
888 1630 1031 1692 patiuntur,
1049 1628 1191 1692 cujuemodi
1209 1630 1235 1679 in

153 1702 179 1750 iu
196 1702 355 1751 Timarchum
373 1719 399 1766 p.
418 1708 442 1752 4.
460 1704 521 1752 edit.
539 1704 630 1768 Stepb.
648 1712 677 1753 et
713 1706 775 1753 alior
787 1712 931 1768 patrarunt.

152 1777 283 1828 leocrates
291 1779 408 1844 Epittola
416 1779 448 1828 ad
457 1781 580 1831 Jaoouem
590 1788 675 1845 tyran·
745 1785 759 1829 9
779 1781 868 1844 lupino
884 1786 938 1829 oute
948 1781 1015 1843 orna]
1039 1781 1117 1829 Forte
1129 1781 1234 1830 ellurum

150 1868 220 1904 unm.
713 1857 746 1906 ud
757 1858 802 1906 illu
812 1857 913 1919 Virgilii
921 1856 965 1905 lib.
976 1869 1019 1905 ιιι.
1031 1855 1128 1905 AEneid.
1141 1871 1167 1905 ν.
1179 1860 1236 1907 999.

185 1932 237 1981 No.
250 1936 307 1982 996.
324 1937 336 1981 l
352 1932 415 1982 Orbe
425 1937 493 1995 tegor
503 1933 589 1997 medio]
606 1932 674 1983 Pbo-
711 1933 779 1982 ‘Aet
789 1934 859 1981 illurn
876 1940 974 1995 ereptae
987 1947 1079 1995 magno
1095 1931 1235 1982 inflamma·

152 2006 263 2068 cimona
280 2022 313 2055 ex
333 2007 443 2057 Grreche
465 2009 610 2069 prouinciis.
643 2008 674 2058 ln
712 2015 753 2058 tue
772 2007 1000 2070 emoreCoujugie‚
1017 2015 1043 2055 et
1061 2008 1185 2056 ecelerum
1197 2005 1235 2057 fu·

152 2080 277 2143 Phocide,
288 2082 391 2145 Delphi,
402 2089 430 2131 et
442 2084 507 2131 nobb
518 2083 611 2132 civitat
624 2084 675 2133 cln-
712 2086 756 2133 riia
767 2086 877 2146 agitatur
896 2082 1012 2141 Orestes,
1029 2082 1133 2145 Excipit
1150 2082 1236 2132 lncan-

152 2157 252 2207 rieaima
270 2166 379 2223 propter
399 2159 522 2221 templum
541 2158 676 2221 Apollinie,
713 2168 777 2223 tum,
788 2160 935 2222 patriaeque
946 2158 1083 2207 obtruncat
1092 2157 1123 2205 ed
1136 2156 1209 2206 eree?

151 2239 180 2279 et
196 2235 333 2283 urecolum.
379 2233 456 2283 Hunc
476 2242 560 2283 autem
583 2236 676 2298 locum,
743 2236 841 2292 anid
852 2235 949 2299 mirum]
975 2233 1234 2284 Nemodebetmira·

152 2308 194 2370 qui
207 2309 232 2356 in
244 2310 328 2362 medio
347 2309 402 2360 fere
421 2312 546 2361 uuiveraoe
565 2312 675 2364 Gracia
713 2311 845 2374 ri‚iuqnit,
857 2311 879 2360 ai
892 2319 943 2359 tam
955 2308 1049 2371 implut
1059 2306 1108 2357 snit
1117 2307 1236 2368 Orestea,

151 2394 230 2447 emet,
243 2387 312 2435 orbiu
331 2395 458 2437 terrarum
478 2403 579 2452 quoque
598 2391 675 2439 totino
713 2397 741 2437 ut
753 2402 793 2436 me
804 2387 829 2434 in
843 2387 938 2448 templo
951 2382 1076 2447 Apollinis
1090 2382 1235 2432 sacrifican-

150 2460 262 2510 medium
271 2470 297 2510 et
307 2462 454 2511 umbilicum
465 2461 603 2512 dixerunt:
616 2479 676 2528 que·
713 2471 765 2512 tem
774 2463 920 2512 interimere
928 2476 978 2509 uon
988 2460 1111 2508 timuerit.
1123 2461 1235 2508 Metrem

152 2536 174 2583 ei
192 2537 216 2584 in
234 2537 303 2600 globi
323 2539 490 2587 extremitate
507 2539 576 2588 iocur
595 2541 676 2589 omnio
713 2539 780 2586 euim
792 2527 862 2586 oriam
874 2538 1096 2600 clytemnestram
1102 2535 1156 2598 jem
1168 2536 1237 2584 occi·

151 2625 202 2661 uon
226 2628 298 2676 usque
321 2628 367 2675 pro
392 2613 477 2662 medio
503 2614 676 2678 umbilicoque
713 2613 797 2675 deret,
817 2621 844 2662 et
866 2612 923 2677 ejue
951 2610 1024 2660 furiis
1046 2611 1235 2672 exagitabatur.

151 2684 242 2735 heberi
269 2688 364 2750 poerit:
391 2688 573 2752 Fabulemque,
602 2691 675 2753 cujue
717 2688 822 2738 Vincere.

152 2764 360 2811 euctoremcitat
378 2762 517 2813 Pindarum
536 2765 629 2814 Strabo
648 2768 677 2815 li·
745 2765 796 2813 No.
815 2768 862 2812 997
897 2762 1013 2827 Euryalo]
1045 2762 1164 2813 Gtteenm
1197 2768 1237 2811 eet

151 2838 197 2887 bro
209 2853 285 2898 nonu,
298 2840 330 2887 de
342 2839 390 2888 bec
409 2853 437 2888 re
455 2847 514 2888 tuot
528 2844 676 2902 commenti,
713 2838 875 2902 Epitaphium
897 2839 922 2887 in
948 2836 1100 2900 Antbologie
1128 2835 1237 2886 Heuriei

151 2915 224 2963 Dura
245 2913 347 2961 ocilicet
366 2912 481 2975 Aquilae,
500 2915 608 2976 (cygnea
630 2918 674 2964 elii
711 2914 850 2975 Stephani:
874 2911 927 2960 'uel
945 2910 1104 2962 Σθενίλονκοὶ
1121 2909 1238 2975 nuptm

152 2987 282 3048 dixerunt,
290 2995 320 3034 ut
329 2985 446 3047 eutapud
456 2986 622 3036 Plutarchum
632 2989 674 3037 De
710 2988 817 3048 κειμένων
839 2988 864 3035 ἐν
881 2988 972 3051 Ἀργει.
999 2989 1103 3050 Ἀργεῖον
1123 2988 1237 3038 Σθένελον

153 3060 269 3110 Delectu
281 3059 451 3116 oraculorum,
469 3061 512 3107 alii
531 3075 629 3119 corrue,
644 3073 675 3114 ut
712 3062 844 3118 Καπανήϊον
855 3059 898 3120 ᾆδε
913 3062 1026 3108 τέθαπται
1033 3063 1126 3121 τύμβῳ·
1137 3062 1237 3110 noirel-

152 3136 268 3184 meminit
278 3132 392 3194 Strabo)
402 3146 476 3182 uuam
487 3133 605 3197 abone,
613 3139 676 3188 alte·
711 3133 863 3192 τουτλήτιον
873 3133 999 3196 εὐρύαλοτ.
1033 3135 1184 3182 Diomedem
1196 3150 1237 3184 ee-

152 3226 206 3259 ram
223 3211 257 3259 ab
268 3210 369 3258 Occasu
381 3208 485 3257 emineas
497 3209 529 3258 ab
539 3211 614 3272 Jove,
628 3212 677 3261 hoc
713 3213 766 3262 cuti
782 3209 884 3260 suntad
896 3208 990 3257 bellum
1010 3207 1152 3268 Trojauuru
1162 3207 1238 3257 Sthe·

152 3289 209 3337 loco
234 3287 402 3336 concurrisse.
445 3284 574 3347 Antiquos
599 3287 677 3351 poete
713 3288 785 3336 nclua
802 3293 829 3335 et
840 3285 981 3348 Euryalen:
1006 3290 1034 3331 ut
1050 3280 1128 3330 refert
1141 3283 1237 3332 Home·

153 3362 221 3427 opud
231 3364 373 3411 Varronem
384 3367 458 3409 reato
469 3360 502 3410 de
514 3362 612 3425 Lingua
629 3365 676 3412 Le·
713 3378 756 3412 rue
767 3363 791 3411 in
809 3362 925 3411 Boeotie:
943 3373 1005 3423 quoe
1018 3367 1070 3407 treo
1082 3357 1198 3419 eguoeclt
1209 3358 1236 3406 in

153 3443 217 3500 tine,
229 3446 255 3488 et
266 3439 417 3488 Ciceronem
430 3436 542 3486 secundo
553 3438 586 3488 de
605 3439 676 3487 Diri·
712 3453 778 3502 equo
786 3436 899 3499 Trojano
913 3434 1040 3486 eriuctua
1051 3432 1160 3482 Calaber
1171 3431 1236 3481 libro

153 3517 273 3564 untione:
291 3512 333 3562 ⁴0
346 3519 435 3562 nancte
446 3512 549 3576 Apollo,
567 3515 610 3578 qui
623 3529 676 3563 um-
713 3511 880 3561 duodecimo:
898 3508 944 3558 red
957 3509 1036 3557 eninm
1047 3523 1079 3557 ex
1090 3507 1236 3557 iieSthene·

153 3592 258 3642 bilicum
286 3598 386 3638 certum
415 3597 541 3639 terrerum
566 3590 679 3652 obsideo,
711 3589 763 3637 lum
775 3582 1159 3649 VirgiliuseecuudoAEueidoe.
1175 3582 1237 3630 Fuit

153 3668 231 3716 Unde
258 3665 435 3729 snperatitioea
462 3667 582 3728 primum,
607 3680 676 3715 erere
711 3673 798 3716 autem
808 3663 955 3722 Diomeden,
965 3673 1011 3722 per
1021 3657 1236 3720 matremileipy·

154 3746 236 3795 evarit
255 3759 305 3792 vox
325 3742 401 3793 sere)
443 3744 566 3792 Fabulam
588 3742 676 3806 attigit
711 3741 761 3791 lam
781 3738 883 3788 Admeti
902 3736 1054 3800 Argivorum
1075 3733 1238 3795 repietiliam,

153 3822 230 3871 etiam
255 3819 375 3869 Placidne
401 3819 563 3878 lactantius,
597 3832 674 3882 quum
711 3817 865 3879 Argiuorum
889 3827 944 3862 rex.
982 3809 1109 3872 Euryalus
1136 3815 1237 3870 putrem

154 3897 265 3960 perusiii,
283 3895 435 3945 curStatiur
453 3894 606 3943 Parneoeum
617 3895 675 3943 coeli
711 3892 801 3941 hebuit
817 3889 980 3947 Mucianum,
996 3883 1132 3934 Sthenelou
1154 3881 1238 3945 capa·

152 3972 263 4023 medinm
276 3970 385 4020 dixisset
394 3984 471 4019 veron
487 3970 637 4031 centesimo,
649 3977 676 4018 et
712 3981 798 4027 neum,
809 3974 838 4013 ut
850 3963 944 4012 ibidem
963 3959 1052 4009 ecribit
1064 3957 1131 4007 idern
1144 3954 1239 4005 Home·

151 4048 342 4098 undeuicerimo
354 4044 587 4111 prirni'l'lrehaidot.
609 4045 677 4094 Her·
714 4057 774 4090 rue:
797 4040 840 4104 qui
859 4038 972 4098 luerunt,
990 4036 1139 4093 Mecitteua,
1157 4029 1238 4081 freter

152 4125 264 4173 mionem
285 4122 399 4172 Menelai
418 4135 450 4172 ex
470 4120 678 4183 ueteranum,
714 4116 826 4181 ejuadem
837 4113 958 4163 Adreati:
984 4110 1118 4172 Cupencum
1137 4106 1237 4170 Hippo-

155 4196 678 4262 spumamtuem,quumaudirithrrhnu
715 4195 767 4257 noi,
788 4199 815 4240 et
837 4190 991 4253 Astynomee
1012 4184 1106 4233 rororis
1132 4181 1238 4231 Adrurti

155 4274 244 4323 Oresti
255 4275 281 4322 iu
293 4274 435 4337 conjuginm
448 4274 543 4334 datam,
557 4288 572 4322 a
588 4274 679 4323 Mene·
715 4268 840 4334 ejutdem‚
859 4264 934 4314 lilim.
975 4260 1019 4310 lte
1040 4257 1128 4319 Argivi
1150 4270 1238 4306 omuea

155 4351 195 4397 leo
207 4350 288 4411 ipeem
298 4349 383 4412 petiit.
398 4348 574 4398 Meneluueab
583 4348 679 4399 Oreste
716 4347 750 4410 hl,
760 4354 891 4407 genusque
903 4337 1009 4401 regium,
1020 4331 1087 4397 apud
1100 4331 1238 4396 Apollodo-

157 4423 276 4487 ebduxh,
295 4430 322 4471 et
344 4423 445 4486 Pyrrho
465 4424 588 4473 reddidit.
622 4426 680 4476 Qua
716 4435 772 4469 rum
784 4425 812 4468 et
823 4415 962 4480 Hyginum.
982 4411 1087 4460 Viuetea.

154 4498 249 4562 injuria
276 4505 393 4560 accepte,
420 4495 528 4550 Oresten
553 4513 569 4547 a
593 4497 680 4548 iratri-
749 4487 920 4551 lPleeronio]
946 4484 1038 4536 AEtolia
1055 4481 1241 4547 apudStrabo·

154 4575 202 4623 bne
232 4571 346 4636 adjutus,
367 4579 397 4623 ut
416 4572 505 4623 scribit
535 4574 679 4637 Lycophro-
716 4562 1109 4631 nem‚Pllniuru,Ptolemaeum,
1126 4559 1239 4620 etalioo,

156 4650 195 4698 uir
217 4648 354 4713 iuterpree,
379 4646 506 4712 Pyrrhum
523 4649 634 4712 Delphis
653 4649 680 4697 iu
717 4656 758 4697 est
775 4643 886 4696 Greciae
906 4636 1239 4705 prouincla,el²eloponee·
