2806 5234
488 755 539 802 sn
562 752 774 804 insomnis.
1112 740 1177 807 868

82 895 276 965 erubescit?
321 893 411 973 Quid
427 893 520 978 quod
535 913 611 958 eam
623 914 691 959 rem
707 895 788 959 mihi
807 895 994 978 supersedit
1015 896 1176 980 ingerere,

86 1021 190 1086 quam
198 999 293 1083 juste
316 996 359 1062 ad
384 1002 560 1081 utrumque
575 1004 716 1061 noverat
730 997 918 1080 pertineret
960 996 1085 1062 Verum
1099 1019 1174 1082 ego,

85 1111 127 1168 ut
138 1101 293 1183 religiose
316 1101 384 1164 ists
405 1117 601 1182 conqueror,
624 1099 673 1163 itu
698 1099 840 1163 libenter
860 1099 995 1165 omitto:
1016 1102 1094 1182 quia
1112 1119 1175 1165 nec

86 1198 194 1268 amori
207 1203 242 1267 in
256 1220 320 1266 ros
332 1219 411 1266 meo
425 1200 583 1264 convenit
598 1200 707 1278 silere,
727 1198 819 1282 quod
836 1199 987 1281 doleam3
1009 1220 1072 1265 neo
1093 1201 1175 1266 ami·

85 1304 177 1371 eiua
191 1303 320 1369 incussi
334 1302 457 1367 doloris
471 1302 611 1366 mansino
625 1320 820 1366 mensuram.
842 1299 965 1366 vina

376 1540 433 1588 lll.
456 1538 691 1588 SYMMACHUS
715 1538 890 1588 AUSONlO.

127 1641 203 1707 Eoo
219 1642 283 1706 etsi
297 1641 462 1706 continuis
481 1641 590 1705 literis
613 1639 771 1705 honorem
794 1648 889 1708 tuum
909 1643 1078 1708 celebrare
1102 1665 1178 1730 pos-

90 1762 170 1822 sem,
193 1763 262 1808 nou
283 1744 370 1808 satis
389 1742 471 1807 mihi
487 1743 624 1822 viderer,
648 1762 809 1827 proquam
828 1763 882 1807 res
902 1745 1065 1828 postulat,
1084 1745 1179 1829 fungi

89 1844 237 1910 debitum
251 1863 380 1908 meum:
402 1849 530 1909 tantum
550 1844 654 1920 abest,
678 1849 717 1907 ut
735 1863 870 1927 operam
896 1846 1102 1912 assiduitatis
1121 1866 1180 1912 ex·

87 1946 252 2030 probrem.
297 1946 363 2010 Sed
377 1951 416 2011 ut
427 1946 490 2009 boo
504 1964 589 2010 meae
609 1946 818 2012 verecundiae
842 1948 1020 2029 competit3
1041 1949 1090 2013 ite
1108 1955 1177 2016 tnae

88 2046 304 2113 humanitatis
327 2054 393 2125 est,
415 2046 562 2111 studium
590 2053 740 2112 nostrum
763 2048 838 2130 pari
867 2049 977 2130 matio
1006 2050 1178 2115 sustinere.

88 2145 334 2225 Animadverte,
361 2166 429 2231 quo
454 2146 567 2212 tendat
592 2166 723 2212 summa
748 2148 929 2212 verborum.
973 2149 1181 2215 Jamdudum

84 2247 167 2313 nibil
181 2249 309 2325 tribuis,
323 2249 412 2332 quod
427 2248 589 2330 legemus.
630 2248 756 2313 Totum
772 2268 837 2325 me,
861 2250 1005 2333 inquies,
1031 2252 1176 2317 emanci-

86 2350 182 2432 parit
195 2351 261 2414 sibi
275 2369 354 2414 oure
377 2349 540 2415 Praetorii.
584 2348 708 2415 Verum
723 2356 792 2430 est3
815 2350 932 2434 potiris
957 2354 1074 2418 merito
1090 2373 1178 2418 sum·

85 2469 140 2515 mn
148 2450 306 2534 judicia·
347 2449 412 2514 Sed
425 2451 593 2515 maximas
607 2451 730 2534 ingenii
740 2454 791 2515 tui
808 2452 896 2516 vires
907 2451 1039 2517 senune
1055 2473 1178 2536 magna

85 2571 154 2617 non
167 2559 290 2619 onerat.
332 2552 478 2617 Proinde
491 2553 545 2617 his
560 2555 662 2617 etiam
677 2554 778 2616 rebus
791 2553 938 2632 intende,
961 2575 1036 2638 quae
1060 2555 1110 2619 ita
1124 2575 1179 2620 oc·

86 2653 224 2736 eupatis
236 2654 316 2718 nibil
329 2654 495 2719 molestias
510 2654 661 2732 afferunt,
683 2660 722 2719 ut
743 2654 836 2737 ipsas
851 2656 1021 2720 molestias
1036 2657 1178 2741 plerum-

92 2774 158 2837 que
174 2755 326 2820 solentur.
351 2754 471 2821 Vsus.

580 2885 688 2938 NOTAE

117 2989 130 3016 ⁸
146 2983 240 3032 Petiris
265 2998 355 3032 sum
373 2982 478 3047 jndicio]
509 2983 615 3032 Rectius
653 2980 743 3032 refert.
776 2981 950 3034 Hineineod.
964 2985 1060 3036 l'beod.
1080 2986 1125 3037 lib.
1144 2989 1179 3037 de

88 3053 148 3107 meu
158 3057 291 3106 sententia
301 3057 415 3116 duretur,
424 3058 469 3120 qui
479 3056 541 3119 legit
554 3071 616 3105 m
654 3057 742 3120 Epire.
754 3056 841 3107 Judic.
861 3057 892 3105 ad
908 3057 1045 3108 Ablavium
1063 3061 1179 3111 Praefee·

87 3132 231 3194 mojadieii,
248 3136 326 3194 atque
338 3129 370 3178 od
382 3131 534 3192 dignitatem
544 3132 616 3182 Prae·
654 3137 709 3181 tum
719 3131 848 3179 Praetorio
858 3130 981 3190 scribens,
997 3133 1005 3158 ⁴
1016 3132 1060 3193 qui
1070 3133 1181 3194 judicio·

87 3209 151 3260 ieoti
163 3206 303 3269 Praetorio,
319 3219 369 3269 qne
379 3205 473 3256 claruit
480 3204 616 3272 Ausonius,
656 3205 730 3268 rnm,'
740 3205 786 3267 eit,
799 3207 939 3252 ‘summam
950 3202 1064 3251 tenetis!

384 3423 434 3470 IV·
457 3421 691 3472 SYMMACHUS
716 3421 892 3470 AUSONlO.

134 3529 242 3594 nnus
263 3545 303 3590 ao
325 3525 494 3607 sapienter
515 3523 659 3607 majores
680 3525 798 3600 nostri,
819 3530 858 3589 ut
882 3529 961 3586 sunt
982 3521 1049 3586 alia
1067 3524 1179 3589 oetetis

91 3629 193 3708 illius,
213 3629 305 3695 aedes
331 3627 463 3693 Honori
489 3633 591 3710 atque
614 3625 740 3690 Virtuti
762 3625 904 3707 gemella
924 3623 1012 3688 facie
1035 3623 1180 3707 junctim

90 3729 259 3809 locarunt3
282 3726 469 3804 commenti,
490 3726 582 3809 quod
602 3727 637 3790 in
655 3731 688 3791 te
707 3726 869 3806 videmus,
891 3727 938 3791 ibi
952 3745 1027 3790 esse
1042 3727 1181 3810 praemie

90 3829 239 3909 honoris,
260 3831 318 3894 ubi
340 3835 419 3894 sunt
440 3828 560 3892 merita
584 3828 728 3893 virtutis·
772 3828 946 3893 Sedenim
972 3835 1108 3913 propter
1121 3847 1180 3893 eas

93 3930 325 3997 Gamoenarum
347 3930 464 4013 religio
489 3949 587 3995 sacro
611 3930 697 3996 fonti
720 3931 916 4011 advertitur;
944 3931 1025 4015 quia
1049 3930 1114 3994 iter
1136 3927 1180 3993 ad

92 4034 315 4117 capessendos
337 4033 554 4115 magistratus
578 4051 671 4117 saepe
696 4032 803 4096 literis
827 4041 1047 4116 promovetur.
1091 4029 1180 4095 Haec

91 4140 265 4216 pareutum
280 4135 433 4198 instituta
444 4131 647 4198 Consulatus
660 4134 709 4198 tui
723 4143 917 4217 argumenta
931 4140 1024 4198 suut:
1042 4133 1098 4197 cui
1110 4151 1181 4199 mo·

92 4251 165 4298 rum
179 4236 338 4317 gravitas,
359 4244 393 4302 et
412 4236 656 4320 disciplinarum
673 4240 850 4315 vetustas,⁸
868 4234 993 4300 curulis
1016 4234 1107 4300 sellae
1130 4235 1180 4299 in·

580 4398 687 4450 NOTAE

121 4503 134 4530 ¹
147 4494 616 4561 mmmmouegmuum
656 4499 802 4559 opponetur
829 4502 950 4545 venustus
979 4494 1181 4560 disciplinarum.

91 4577 155 4636 puto
175 4577 294 4635 mustos,
317 4580 347 4622 ut
373 4586 472 4623 morum
495 4572 617 4636 pravitati
656 4571 753 4624 Omnis
773 4572 842 4623 eninr
864 4570 939 4624 effert
959 4587 1008 4639 per
1027 4575 1181 4637 antithesin,
