2850 5256
231 723 319 790 1012
578 731 685 780 uorsa
711 728 908 778 vannorum
934 728 973 775 ru

232 893 342 945 qnoque,
352 877 408 926 dnm
419 875 444 923 in
457 872 645 935 Mesopotamia
656 878 755 934 ageret,
792 869 873 933 piebis
885 867 1058 933 frequentate
1069 867 1174 917 restes'
1187 875 1258 931 aunt,
1267 872 1319 935 qul·

233 955 366 1019 scripsisse
384 951 416 999 ad
439 949 548 997 amicum
568 947 616 996 sibi
638 948 756 996 intimum
792 945 839 993 bus
861 944 935 1007 plebs
958 943 1111 1007 frequenter
1133 945 1226 994 utitur.
1259 944 1320 1006 Sed,

233 1029 432 1086 Materuiaoum‚
456 1032 485 1073 nt
511 1024 621 1088 optimos
643 1037 755 1087 quosque
792 1028 822 1070 ut
838 1020 963 1078 dixi,non
981 1019 1172 1076 absurdamihi
1190 1021 1272 1069 lectio
1284 1021 1320 1069 ri·

232 1107 323 1167 Magoa
334 1101 368 1149 de
383 1099 509 1163 ejusaitae
521 1098 630 1147 termino
641 1098 756 1147 consule
793 1096 879 1158 detur,
897 1096 979 1144 larisa
998 1096 1100 1144 maxime
1115 1095 1190 1158 pletis
1209 1095 1326 1144 Romana

232 1185 281 1228 ret.
321 1173 399 1226 Quod
428 1173 450 1222 si
477 1173 533 1236 quis
562 1173 638 1222 etiarn
666 1187 757 1222 sonum
787 1170 955 1234 frequentate.
978 1170 1162 1234 lseaimvulgi
1171 1178 1325 1234 mos‚atquc

232 1252 385 1319 quandoque
395 1250 463 1298 hunc
478 1250 505 1298 in
517 1262 590 1298 versu
607 1247 686 1308 ferat,
697 1262 758 1312 qno·
795 1260 826 1294 ea
843 1252 936 1295 natura
954 1253 1004 1308 est,
1016 1254 1045 1294 ut
1062 1260 1121 1310 quaa
1140 1260 1214 1308 nora,
1231 1246 1253 1294 si
1273 1259 1324 1294 non

232 1331 303 1380 niam
314 1328 351 1377 ita
365 1339 465 1391 quoque
477 1338 509 1374 ea
524 1330 587 1374 etas
606 1322 702 1382 tulerit,
713 1337 758 1372 ne·
795 1328 870 1369 extra
880 1335 979 1369 omnem
990 1336 1092 1384 quoque
1100 1319 1198 1370 fuerint
1209 1321 1323 1384 culpam,

233 1418 284 1469 que
301 1402 437 1466 quicqum
455 1398 576 1448 adverbio
594 1396 757 1461 ‘magis’of-
794 1395 873 1444 irrisa
894 1403 921 1445 et
945 1396 1033 1445 sannis
1049 1395 1183 1458 excipiat:
1210 1395 1280 1459 quod
1296 1397 1324 1444 in

234 1478 366 1539 fendatur,
393 1473 556 1525 referendum
586 1472 655 1522 t‘ortc
682 1477 759 1535 putet
794 1470 876 1520 inviso
897 1471 970 1520 simul
989 1472 1146 1533 imperatore
1166 1468 1325 1531 lectitatum,

235 1551 308 1615 iliud,
327 1550 379 1600 ‘In
401 1549 454 1599 risu
475 1547 581 1613 populi:
598 1548 629 1596 ad
647 1561 679 1596 ca
700 1559 758 1610 qnae
795 1546 879 1594 sinon
890 1545 956 1605 aliis,
967 1546 1109 1594 mihicerts
1120 1546 1255 1608 probabile
1274 1555 1324 1597 eat.

236 1634 298 1676 aunt
318 1626 398 1689 dicta,
420 1627 543 1689 ‘punitus
563 1622 615 1672 fine
637 1621 760 1673 cruento!
796 1619 844 1669 Illa
855 1628 982 1684 praterea
994 1620 1100 1682 verba,‘
1113 1622 1182 1686 quod
1202 1629 1263 1672 ante
1275 1636 1324 1671 noo

236 1701 312 1754 Quod
324 1701 432 1764 populus
442 1714 493 1749 non
508 1700 563 1748 sine
579 1699 633 1747 risu
649 1697 705 1761 ejus
716 1712 760 1746 ne·
794 1693 898 1756 fuerat,'
919 1709 969 1744 non
989 1694 1067 1744 facile
1087 1696 1243 1744 crediderim
1267 1711 1323 1746 esre

237 1790 293 1826 cem
308 1775 448 1837 acceperit,
459 1773 589 1824 interfecti
605 1773 664 1823 dum
676 1778 758 1822 cacat.
796 1769 989 1833 Spartiani,sed
999 1769 1108 1819 hominis
1117 1771 1224 1835 alicujus
1231 1772 1323 1834 inepti,

236 1851 370 1902 Amica.
796 1846 841 1909 qui
852 1859 883 1894 ea
900 1846 1016 1895 adinstar
1036 1847 1197 1909 glossematis
1213 1849 1323 1910 margini

262 1927 352 1977 larisa
367 1925 457 1990 popula]
473 1924 563 1985 lamet,
573 1938 621 1988 pro
638 1924 720 1986 inias,
731 1929 760 1973 ot
796 1921 923 1971 illeverat.
956 1923 1008 1970 Pro
1024 1924 1130 1982 culpata
1147 1923 1324 1985 laeitVictor,

237 2016 324 2067 supra,
341 2000 483 2052 ‘Claudius
503 2001 588 2050 inrisu
610 2000 712 2062 privato
732 1998 759 2047 in
797 1997 840 2059 qui
851 1997 1011 2046 Caracallum
1032 1997 1150 2060 co'e‘girse
1167 1999 1268 2063 plebem
1284 2015 1322 2049 re·

236 2085 354 2142 tempore
366 2075 445 2127 ritae!
477 2075 521 2125 Ita
537 2076 604 2126 enim
615 2081 642 2123 et
653 2074 707 2122 illic
717 2088 760 2123 ae·
796 2071 857 2133 t'ert,
869 2082 898 2121 ut
909 2074 940 2121 ad
957 2088 984 2121 se
1001 2074 1166 2124 salutandum
1176 2078 1325 2126 ‘caracallis

237 2161 280 2203 tna
289 2152 373 2204 codex
385 2150 760 2215 scribebat,proirriaae,irra'sa,
797 2148 922 2198 talaribus
933 2148 941 2172 ’
952 2149 1036 2198 indoti
1052 2152 1198 2200 introirent.
1232 2152 1326 2202 Diver-

235 2228 263 2278 id
290 2236 341 2290 eat,
365 2228 555 2290 scommatibus,
579 2241 624 2276 seu
650 2227 760 2275 convitio
797 2239 840 2274 sus
860 2224 913 2273 abit
947 2225 1006 2286 Dio,
1026 2226 1073 2276 lib.
1095 2239 1216 2278 uxvrrr.
1238 2228 1325 2294 aitque

237 2303 326 2366 populi
341 2309 477 2365 acceptum
488 2315 630 2365 cognomen
642 2301 761 2351 Caracal·
797 2299 947 2349 Bassianum
971 2299 1027 2350 roias
1052 2301 1197 2364 orparadras
1219 2301 1326 2361 adama

237 2377 270 2426 las
298 2376 388 2425 melius
416 2377 465 2427 toia
492 2376 604 2426 moribus
631 2376 760 2436 convenit,
797 2373 960 2436 ἀμφιέννυσθαι
974 2375 1094 2438 jussisse.
1128 2376 1169 2424 De
1186 2376 1234 2426 hac
1250 2386 1323 2426 veste

237 2466 313 2517 quam
336 2453 452 2516 pulcrum
475 2453 538 2502 illud
561 2467 592 2502 ae
614 2451 761 2501 venerabile
798 2453 873 2515 plura
884 2453 990 2504 salmas.
1002 2455 1034 2502 ad
1045 2455 1218 2518 Spartianom.

238 2526 373 2578 Antonini.
832 2529 968 2591 Caracalla]
987 2530 1076 2578 Genua
1103 2529 1247 2578 vestimenti
1275 2529 1326 2579 soit

269 2605 306 2652 l'a
324 2604 448 2654 Caracalla
464 2603 552 2667 mogh]
568 2603 717 2667 Spartianus
735 2601 761 2651 in
798 2600 940 2665 Caracalla,
952 2603 1020 2653 unde
1040 2605 1106 2653 risus
1123 2612 1165 2653 est
1179 2605 1221 2653 iric
1239 2612 1326 2667 tyran·

237 2679 371 2730 Caracalla
393 2695 451 2743 cap.
473 2693 513 2730 rx.
536 2680 617 2742 ‘lpse
638 2679 762 2728 Caracalli
798 2690 855 2725 uns.
891 2677 998 2728 Vinctus.

238 2767 329 2803 nomen
351 2756 454 2818 accepit
475 2771 490 2804 a
512 2757 673 2816 vestimento,
694 2753 761 2817 quod
832 2753 881 2800 No.
902 2757 959 2801 283.
994 2759 1006 2801 l
1031 2755 1153 2817 Principia
1179 2755 1217 2802 liic
1238 2756 1327 2818 custos]

237 2831 333 2890 populo
355 2830 473 2893 dederat,
494 2831 604 2879 demisso
626 2844 706 2893 usque
728 2829 760 2876 ad
799 2828 905 2875 Rectius
918 2826 1034 2888 fortasse,
1044 2830 1166 2890 Principis
1177 2831 1326 2890 itinerarios,

239 2904 312 2964 talos,
331 2906 398 2966 quod
422 2913 482 2953 ante
502 2920 552 2954 non
574 2905 675 2953 luerat:
695 2904 761 2952 unde
798 2903 846 2951 hoc
863 2911 903 2950 est
923 2904 1036 2950 Bassiani
1052 2904 1174 2964 principis
1190 2905 1229 2947 sui
1244 2902 1323 2950 Pras.

237 2975 364 3037 hodieque
383 2976 560 3022 Antoninianae
581 2977 701 3022 dicuntur
720 2989 760 3022 co·
798 2978 879 3027 Praet.
890 2993 936 3042 qua
949 2976 1103 3025 Praefectura
1119 2976 1180 3023 dum
1191 2975 1326 3039 iungitur,

238 3049 342 3097 rocellae
364 3047 519 3110 hujusmodi,
539 3048 565 3096 iu
584 3063 631 3096 usu
651 3050 760 3099 maxime
799 3052 926 3102 Caesarem
944 3055 1025 3114 ipsum
1043 3050 1142 3099 insidiis
1160 3053 1281 3113 peremit,
1293 3054 1326 3100 ad

239 3126 359 3173 Romanos
384 3124 464 3186 plebis
491 3123 678 3187 frequentatae!
710 3126 761 3175 unt
799 3129 920 3190 requisita
943 3136 1042 3175 natiuae
1061 3127 1244 3184 divertentem,
1266 3128 1325 3176 dum

238 3201 308 3248 locus
325 3189 409 3248 uirum
428 3199 584 3261 depravatus
600 3200 644 3262 sit,
656 3215 688 3248 an
700 3215 761 3249 vero
798 3202 921 3251 adversus
942 3203 1051 3252 Parthos
1071 3202 1162 3250 iterum
1184 3202 1326 3251 moliretur.

239 3276 408 3338 depravatum
424 3283 515 3324 nactus
536 3275 614 3325 fuerit
633 3277 760 3326 Ausonius
797 3279 932 3327 decursim.

238 3351 380 3413 exemplar,
408 3352 451 3412 qui
477 3352 640 3413 spartianum
668 3353 761 3414 legisse
829 3354 982 3402 tiGmeibus
1003 3353 1107 3417 pulsare]
1122 3353 1221 3401 Seneca
1241 3352 1324 3402 Herc.

238 3427 333 3488 potuit,
345 3426 410 3473 haud
423 3426 519 3488 liquido
530 3427 646 3476 dixerim.
674 3429 762 3476 Prona
799 3428 920 3483 Forento,
935 3433 1040 3478 vs.735.
1070 3428 1324 3476 ‘Auctoremscelus

239 3501 329 3547 saltem
347 3508 374 3547 et
394 3499 475 3548 facilis
493 3504 600 3551 mutatio
618 3501 668 3552 t'rtit
682 3505 724 3550 τοῦ
736 3506 761 3551 in
798 3504 912 3565 Repetit,
935 3520 1032 3568 suoque
1055 3504 1177 3566 premitur
1204 3504 1324 3564 exemplo

237 3588 289 3635 aaa,
307 3574 331 3621 io
353 3574 447 3623 lamo:
464 3591 521 3639 qum
536 3586 630 3639 tomen,
647 3579 668 3626 si
686 3592 761 3628 accu-
797 3579 911 3627 nocens!
942 3580 1153 3638 Poe'taGraecus,
1168 3576 1237 3640 apud
1253 3576 1324 3627 Aris-

238 3650 319 3697 ratins
336 3651 505 3712 examinetur,
514 3652 582 3701 haud
599 3653 709 3701 absurda
726 3656 761 3703 vi·
798 3657 904 3703 totelem
916 3656 958 3703 lib.
972 3670 997 3704 u.
1017 3656 1102 3703 Ethic.
1137 3654 1189 3700 Elaea
1207 3650 1276 3699 riom
1294 3652 1326 3699 rai

237 3722 348 3772 debitur.
383 3725 493 3787 Vulgata
504 3740 613 3788 nomque
623 3728 709 3790 lectio,
717 3736 761 3778 ant
797 3730 818 3776 κ’
830 3728 899 3791 ἔρεξε,
909 3731 960 3787 δίκη
972 3731 993 3777 κ’
1002 3728 1166 3789 inermium.
1175 3729 1213 3776 iia
1221 3728 1262 3775 iric
1271 3742 1326 3775 ver·

238 3798 260 3845 ai
279 3799 344 3846 hanc
367 3814 482 3863 spernas,
499 3815 531 3847 ea
545 3809 651 3862 prouta
668 3803 760 3851 Casan·
797 3817 838 3850 sus
855 3805 924 3866 opud
937 3805 1103 3853 Aristotelem
1123 3804 1225 3866 legitur.
1250 3802 1325 3852 Phae·

236 3872 759 3942 bonocmendataest,raoror.oplaaquan·
797 3879 857 3926 drus
885 3879 916 3927 de
939 3881 1024 3942 Vulpe
1052 3888 1080 3928 et
1108 3879 1233 3928 Ciconia:
1259 3879 1326 3927 ‘stra

238 3949 295 3999 dam
309 3950 470 4013 praesefert.
500 3954 566 4002 Nam
578 3955 585 3981 ‘
597 3956 622 4004 in
635 3970 681 4004 usu
691 3956 759 4005 esse'
796 3954 903 4016 quisque
920 3955 1038 4016 exempla
1055 3954 1134 4003 dehet
1151 3969 1225 4017 aequo
1242 3954 1324 4002 animo

238 4033 266 4073 et
287 4024 481 4088 ‘frequentari'
498 4029 614 4090 ejusdem
633 4029 759 4092 signitica-
796 4028 870 4090 petil
897 4030 956 4078 Jolr.
975 4029 1129 4077 Biclarensis
1142 4030 1167 4076 in
1179 4028 1323 4077 Chronico:

239 4100 313 4148 tionis
325 4109 396 4149 suut:
415 4117 567 4166 quamquam
588 4112 614 4152 et
627 4105 662 4153 ita
679 4107 758 4168 expli·
796 4103 922 4152 ‘Audeca
934 4119 993 4152 vero
1011 4119 1090 4166 reguo
1107 4105 1222 4167 privatus
1234 4105 1325 4153 tonde·

237 4176 289 4223 cari
302 4183 402 4238 potest:
420 4178 465 4225 ‘iu
478 4178 721 4243 usulrequentatoe,’
733 4180 758 4229 id
797 4185 847 4238 tur,
865 4187 892 4227 et
909 4181 1003 4228 honore
1019 4179 1174 4244 presbyterii
1191 4187 1251 4242 post
1268 4194 1324 4243 reg·

181 4251 183 4257 '
239 4257 287 4307 esi,
311 4252 335 4298 in
363 4265 408 4300 usu
436 4250 566 4316 frequenti
594 4253 673 4304 suere.
706 4255 758 4303 Pro
797 4267 856 4300 num
874 4255 1022 4302 honoratur.
1058 4255 1117 4303 Nou
1129 4254 1244 4314 dubium,
1255 4254 1325 4317 quod

237 4328 339 4375 momine
355 4328 385 4375 li.
400 4329 473 4388 plebis
488 4337 578 4378 censet
595 4333 758 4380 Casatabonus
796 4328 822 4375 in
835 4329 946 4377 Eborieo
963 4331 1041 4389 Regis
1056 4328 1120 4391 filio,
1133 4332 1204 4393 Rege
1222 4344 1277 4392 sno,
1288 4329 1324 4377 se·

238 4402 411 4465 scribendum,
435 4405 537 4455 mociano
559 4407 590 4455 li.
615 4407 689 4469 plebi·
714 4407 758 4455 sed
796 4408 1003 4469 cerat,patitur.'

238 4478 583 4531 malezmosimeetenimhic
594 4483 759 4545 potissimum,
830 4483 880 4531 No.
902 4487 958 4532 nsi.
993 4484 1091 4531 lTune
1116 4483 1186 4531 etiam
1208 4485 1319 4542 suasa

240 4554 279 4597 vel
306 4556 440 4616 plurimum
469 4555 604 4619 significat.
638 4557 687 4606 ‘lu
712 4571 759 4606 usu
796 4558 869 4623 urim]
883 4559 1047 4623 Praepouitur
1058 4559 1095 4607 lais
1104 4558 1233 4622 inscriptio
1243 4557 1322 4605 Asta·
