2806 5234
480 725 823 777 PRAEPA’NUNCUCAE.

108 870 150 933 Et
163 869 253 952 prior
268 867 425 950 indeptus
440 867 562 946 fasces,
577 869 775 953 Latiamque
790 871 944 948 curulem,

150 970 284 1046 Consul,
299 969 431 1051 collega
445 972 640 1053 posteriore,
655 971 714 1035 tui.

108 1071 178 1134 Hic
192 1088 253 1150 ego
268 1067 460 1134 Ausonius:
483 1071 543 1134 sed
557 1077 593 1135 tu
606 1091 648 1135 na
663 1078 781 1149 temne,
797 1073 888 1156 quod
898 1074 985 1138 ultro

148 1173 333 1236 Patronum
343 1173 464 1234 nostris
479 1180 512 1234 te
525 1192 609 1254 paro
625 1173 843 1237 carminibus.
1150 1177 1195 1240 40

106 1273 261 1338 Pectoris
274 1279 312 1334 ut
325 1272 429 1335 nostri
444 1272 560 1334 sedern
575 1273 672 1349 colia,
687 1272 774 1336 alme
789 1274 919 1358 Syagri,

146 1375 429 1456 Communemque
444 1372 578 1438 habitas
593 1372 677 1438 alter
690 1393 754 1455 ego
771 1372 979 1440 Ausonium:

105 1477 162 1542 Sic
176 1477 280 1540 etiam
295 1483 407 1540 nostro
423 1474 584 1556 praefatus
596 1475 759 1540 habebere
773 1475 872 1552 libro,

147 1576 292 1642 Differat
306 1582 344 1641 ut
356 1576 473 1655 nihilo,
489 1577 535 1641 sit
549 1585 640 1655 tuus,
655 1596 739 1642 anne
752 1597 859 1642 meus.

103 1794 200 1856 Africa
211 1801 234 1845 et
247 1795 343 1845 Itniiaer
358 1800 381 1844 et
398 1796 464 1858 prior
482 1797 580 1860 adeptas
589 1797 679 1857 suess,
690 1810 718 1844 oo
727 1797 807 1846 uuam
822 1797 925 1846 carolem
936 1796 1120 1859 Romamne
1132 1799 1195 1846 Cos·

103 1862 137 1908 sal
144 1862 260 1922 prelum
269 1874 318 1908 meo
330 1860 439 1921 Collegae.
473 1861 528 1922 Ego
538 1862 656 1909 Amisa
671 1861 728 1909 iniis
743 1875 806 1909 sear:
821 1867 848 1911 at
857 1866 883 1909 la
893 1863 1068 1924 senspemris,
1079 1863 1139 1924 qaod
1150 1876 1195 1922 ego

101 1931 181 1986 sponte
197 1926 268 1973 uelim
288 1928 312 1972 ts
329 1924 441 1973 narium
458 1930 612 1986 malorem
633 1923 691 1972 reeb
709 1925 822 1973 ondin.
856 1925 1055 1980 aemma·
1064 1925 1157 1975 inlitas
1168 1925 1194 1973 ia

101 2002 151 2036 ereo
164 1989 264 2045 moen
279 2001 333 2036 eure
350 1987 447 2051 syagri,
464 1993 488 2036 et
504 1989 585 2037 ineolis
602 1989 701 2037 men
711 1989 841 2038 Aasosinss
851 2003 878 2036 no
894 2004 946 2051 ego,
960 2003 1012 2037 caus
1020 1990 1054 2037 sis
1063 1990 1125 2038 ouer
1134 2003 1194 2049 ego:

102 2051 137 2099 ito
152 2053 223 2101 etiosa
239 2051 432 2102 noniaoberisin
446 2050 591 2112 fronteand
603 2051 670 2113 libri,
688 2057 715 2100 at
732 2053 793 2101 srilss'i
809 2052 905 2101 intersit
920 2069 952 2102 oe
968 2053 1000 2102 sit
1010 2058 1074 2115 taus,
1091 2068 1122 2102 nn
1139 2066 1202 2125 noro·⁸

102 2130 174 2166 m·
1198 2135 1207 2150 Ι

593 2209 699 2261 NOTAE

100 2324 166 2388 lari,’
176 2328 226 2375 &a
261 2324 313 2375 Ubi
324 2325 384 2375 vide
395 2325 486 2375 Notas.
664 2324 710 2374 bos
722 2337 811 2374 versus
823 2329 965 2388 sequuntur
984 2322 1010 2371 in
1021 2320 1112 2372 codiee
1123 2322 1191 2386 Lug-

132 2403 266 2451 ecculm
276 2403 397 2462 hemer,
416 2399 554 2462 Praefeetm
571 2399 624 2464 isc]
664 2400 771 2450 dunensi
797 2398 907 2450 disticha
933 2399 1128 2464 quatuordeeim
1159 2413 1192 2447 ex

98 2475 231 2526 Secundus
248 2477 345 2541 qnippe
362 2475 396 2526 ab
410 2475 581 2540 Imperatore,
597 2476 624 2524 in
664 2477 741 2526 variis
748 2475 953 2525 Antonianorum
960 2475 1115 2535 carminum,
1123 2487 1191 2522 maa·

99 2551 347 2602 rebusadrnilitianr
366 2559 393 2602 et
411 2559 507 2601 statum
526 2553 625 2601 reilin-
665 2551 715 2600 inre
742 2551 930 2613 Parentalinrn,
960 2550 1025 2599 locis
1057 2549 1193 2612 desumta3

100 2640 183 2676 maure
204 2628 392 2691 pertinentibus
414 2628 534 2690 Magistri
554 2627 626 2692 eqni·
668 2640 776 2690 quorum
787 2626 895 2690 primurn
913 2625 1018 2689 incipit:
1036 2623 1192 2687 ‘Morigerss

99 2703 300 2767 tumlocoerat,
313 2703 438 2766 cumipse
451 2702 571 2766 princepe
586 2716 626 2751 es·
666 2703 754 2751 uxoris
766 2702 847 2751 rirtns
859 2702 900 2750 eui
908 2700 1018 2765 contigit
1028 2698 1128 2750 omnis!
1157 2699 1192 2750 In

98 2775 366 2829 serlncobierstoris.
399 2775 626 2829 NecaPrafecto
666 2777 882 2841 quibusnonjarn
893 2776 1088 2842 Ausoniuslpae
1103 2777 1137 2826 de
1156 2790 1194 2840 se,

99 2851 180 2901 Prret.
207 2854 333 2917 appellari
357 2861 468 2918 poterat.
502 2852 570 2902 Vide
592 2852 625 2902 de
665 2851 711 2901 sed
723 2852 813 2916 aliquis
824 2851 931 2901 aliosde
942 2851 1055 2902 Ausonio
1068 2854 1095 2902 in
1113 2851 1191 2902 tertia

98 2927 152 2989 eins
163 2925 246 2979 officio
258 2929 361 2978 titulum
373 2934 412 2978 ll.
422 2929 466 2979 lib.
477 2941 497 2977 1.
513 2926 625 2992 digesto·
665 2942 775 2991 persona
787 2929 907 2992 loquitur.
932 2929 971 2977 Ea
979 2930 1074 2978 Tollius
1085 2929 1190 2979 omnino

97 3018 154 3053 rura
165 3011 193 3053 et
203 3005 246 3055 tit.
254 3009 296 3053 ab.
303 3005 350 3053 lib.
361 3016 381 3054 s.
391 3005 512 3063 Codicis3
527 3011 555 3053 et
564 3017 624 3068 quaa
663 3017 715 3052 non
730 3000 820 3052 edidit.
853 3004 909 3065 Ego
919 3004 987 3052 inter
996 3005 1144 3054 testimonia
1155 3002 1188 3052 de

97 3077 295 3127 observavimus
306 3077 339 3125 ad
353 3078 397 3125 illa
411 3078 488 3126 rerba
498 3079 623 3140 Epistola
663 3078 777 3128 Ausonio
797 3078 845 3126 snb
862 3079 948 3141 titulo,
963 3080 1053 3128 leonti
1067 3080 1189 3141 Auctoris,

96 3164 161 3201 xor.
172 3150 204 3199 ad
217 3149 348 3199 Probum:
369 3151 376 3178 ‘
390 3149 459 3199 Dico
470 3152 536 3199 bunc
546 3152 624 3201 Sena·
662 3153 756 3202 excudi
769 3152 865 3200 curari.

97 3228 117 3277 ti
129 3226 280 3291 presulem,
296 3222 455 3273 Praefectum
465 3222 582 3288 eundem,
597 3232 624 3276 et
693 3232 726 3277 au
743 3227 795 3275 Hic
804 3240 848 3287 ego
858 3224 989 3288 Aesonias]
1004 3223 1071 3273 Haec
1081 3239 1138 3288 quas
1150 3237 1190 3274 sa·

97 3303 235 3353 Consulem
266 3298 337 3364 (nans
370 3299 465 3351 Consul
498 3307 623 3351 eternum
662 3308 777 3368 quantur
787 3300 999 3362 disticbstria,ut
1005 3300 1059 3363 jam
1068 3300 1153 3349 monui
1162 3300 1189 3350 in

97 3378 200 3443 eluet).'
662 3374 1190 3441 Lugduneusicodice,separatimscripta

128 3457 162 3503 86
179 3453 308 3513 Profestos
334 3453 422 3516 Goilis,
444 3452 499 3517 isa]
526 3454 622 3505 Versus
663 3454 794 3503 arautsub
809 3468 841 3502 eo
860 3452 936 3502 titulo
953 3465 1029 3515 quern
1048 3463 1126 3514 supra
1143 3463 1187 3513 po·

83 3520 85 3524 ’
97 3530 137 3579 bie
149 3537 190 3580 est
201 3535 243 3580 42.
255 3529 374 3595 Epieedii
383 3530 407 3579 in
418 3537 527 3593 patrem.
663 3530 774 3579 suimus:
786 3529 903 3578 Aesonia
911 3527 1023 3588 Saogrio,
1033 3526 1188 3590 oelSyoffrio.

127 3609 159 3653 11
179 3607 213 3654 Et
221 3606 288 3668 prior
297 3606 497 3669 indeptusasoes,
506 3607 547 3669 ipo.
559 3606 622 3654 Cos-
663 3605 736 3655 Nota
744 3604 785 3653 bic
795 3604 909 3654 hiatum:
927 3603 980 3662 Ego
991 3601 1118 3662 Ananias,
1130 3616 1188 3664 pos-

96 3682 142 3742 sal,
157 3682 244 3744 collega
256 3680 455 3746 posteriorem]
471 3681 504 3731 ln
520 3681 624 3732 Gralla-
663 3679 758 3729 teriora
778 3678 848 3728 rocio
864 3679 917 3740 Ego
933 3677 1031 3741 syllaba
1050 3690 1100 3725 nou
1125 3677 1189 3729 elisa

95 3771 151 3805 rum
163 3755 290 3806 Aetiona:
308 3756 390 3805 ‘Cum
409 3755 551 3805 clarissimo
569 3756 624 3806 viro
662 3769 732 3804 mora
749 3753 849 3804 Graecis
868 3753 950 3818 poetis
969 3752 1071 3803 usitato.
1104 3753 1187 3804 Fuere

95 3832 195 3894 collega
205 3846 264 3881 meo
274 3831 369 3881 bonore
381 3832 544 3895 conjunctus,
559 3847 623 3882 nun·
662 3839 748 3882 tamen
759 3833 802 3897 qui
813 3832 911 3879 inserta
921 3844 985 3879 voce
995 3844 1046 3878 sam
1057 3829 1187 3892 corrigere

95 3907 232 3970 copatione
244 3905 385 3972 prelatus!
416 3906 536 3971 Etpast:
552 3908 623 3958 ‘Ne·
661 3909 771 3958 vellent:
790 3909 840 3958 liic
851 3922 952 3969 qemun
963 3907 1087 3956 Ausonias.

95 3996 144 4045 que
155 3989 241 4031 autern
252 3995 310 4044 ego,
325 3980 496 4031 sacratissima
508 3981 622 4046 impera·
692 3986 723 4031 41
742 3983 848 4033 Pectoris
867 3987 893 4030 ot
914 3983 997 4041 nostri,
1018 3982 1069 4046 ise]
1090 3981 1186 4032 Tollius

94 4063 145 4118 tor,
161 4055 270 4106 intonui
290 4054 414 4105 beneficio
435 4053 542 4119 gradum
559 4070 622 4105 nun·
661 4057 720 4106 bie:
738 4058 793 4106 ‘Ut
804 4063 833 4105 ut
850 4057 892 4106 alii
909 4057 985 4106 aliter
1000 4059 1123 4120 sentiant,
1141 4070 1184 4107 ex·

94 4130 240 4195 culpationis
252 4131 401 4196 amplector.
434 4131 503 4180 Num
514 4128 555 4181 e'st
565 4132 621 4182 irae
661 4139 745 4182 trerna
755 4130 806 4182 duo
825 4131 935 4181 disticha
955 4147 1014 4182 rere
1030 4133 1187 4196 Ausoniana,

95 4204 180 4269 gloria
199 4206 288 4269 ignota
307 4206 443 4256 Ciceroni?
475 4206 621 4258 Praetorem
661 4208 819 4272 nauperiure
830 4208 941 4257 carmine
957 4208 1115 4271 sejungeuda
1128 4223 1186 4258 ceu·

94 4293 148 4342 me,
160 4280 249 4344 inquit,
257 4297 318 4347 pop.
326 4283 454 4332 Romanus
462 4283 570 4347 primunr
582 4282 620 4334 ie·
660 4299 740 4347 seam,
756 4284 825 4350 qood
847 4298 878 4333 an
901 4282 1009 4335 Ausonii
1029 4285 1064 4335 sit
1084 4284 1184 4340 dubita·

93 4358 141 4423 cit,
161 4357 297 4410 Consulem
317 4358 448 4424 priorem,'
472 4363 522 4410 &a
554 4359 620 4412 Post
659 4360 737 4411 Certe
748 4360 867 4412 mutilum
878 4358 936 4411 est’

1304 2766 1322 2794 Q
