2850 5256
584 807 692 855 No't'AE
715 805 915 854 VARIORUH
941 805 980 854 ΙΝ

401 1059 684 1102 sennummssttso
716 1061 755 1101 Ac
785 1055 1011 1100 ORNATISSINO
1044 1052 1171 1097 iuvetur

526 1223 767 1300 nicorio
809 1219 1032 1316 witsant,

603 1413 721 1460 surico
745 1411 967 1472 strennuum,

461 1570 760 1659 rsconus
818 1566 1107 1634 noturus

607 1736 722 1811 χαιρω
736 1732 961 1807 eatmaepumw.
1097 1673 1099 1677 Α

273 1921 443 1972 Promiseram
455 1921 481 1970 in
501 1918 641 1984 prioribus,
650 1917 766 1969 satisfac·
805 1919 902 1968 tinnsm
915 1923 976 1967 tone
989 1916 1115 1980 temporis
1125 1915 1238 1980 byersem
1249 1913 1329 1965 effun-

242 2005 324 2048 tnrum
336 2011 377 2047 me
386 1996 506 2061 petitioni
517 2003 569 2047 tua
581 2003 609 2045 et
617 1994 766 2055 amicorum,
804 1995 892 2045 debat.
930 1994 1000 2042 Hine
1011 2000 1197 2043 concurrentes
1207 2005 1252 2056 per
1263 2006 1331 2054 prn-

241 2073 285 2136 qol
312 2077 459 2122 accuratum
493 2069 593 2120 itineris
619 2069 767 2120 Graenenrls
805 2069 894 2132 cipitia
911 2082 1034 2132 aquarum
1057 2067 1106 2116 riri
1130 2067 1226 2116 riarum
1248 2067 1330 2115 editos

240 2147 431 2197 enarrationem
452 2145 642 2197 desiderabant.
682 2145 768 2193 Malu·
805 2142 983 2193 inundabant:
1012 2141 1073 2191 inde
1094 2141 1194 2191 buinidi
1221 2141 1330 2205 nudique

240 2222 316 2273 issem
339 2221 507 2288 supersedere
534 2222 583 2272 boe
607 2219 707 2278 labore,
724 2232 768 2282 ne,
807 2220 952 2282 patulsmm
971 2218 1091 2267 arbomm
1113 2217 1180 2266 rami
1198 2223 1332 2266 πωπω

240 2298 414 2348 onmdomnm
427 2311 546 2348 reversus
568 2294 653 2359 fuero,
669 2294 767 2345 isbole-
808 2294 871 2344 tium
899 2307 944 2342 ora
962 2299 990 2341 et
1011 2292 1098 2343 oculos
1117 2291 1330 2355 conspnrerbrnt.

240 2386 296 2421 rum
325 2373 445 2423 materies
472 2373 625 2423 circumcise
652 2372 694 2422 sit.
727 2372 767 2420 Eo
807 2369 886 2429 Quin,
899 2367 966 2432 quud
978 2382 1095 2418 recreare
1107 2368 1218 2417 animum
1235 2367 1331 2416 debue-

240 2459 351 2512 namque
373 2447 475 2511 ingenio
503 2447 621 2511 plerique
653 2446 767 2495 homines
807 2452 858 2507 rat,
874 2444 1030 2495 consortium
1045 2443 1184 2504 bominum,
1199 2443 1330 2492 commise-

239 2530 311 2584 runt,
329 2528 359 2572 nt
380 2536 396 2572 e
414 2521 559 2587 longinquis
580 2521 657 2571 terris
677 2534 767 2570 recens
806 2520 916 2570 rationis
927 2519 1030 2583 partim,
1047 2520 1141 2582 partim
1151 2516 1332 2581 indignationis

239 2598 349 2647 reduces
366 2612 417 2648 non
435 2597 469 2647 de
486 2599 536 2647 situ
552 2603 678 2648 terrarum
699 2596 767 2646 urbi·
806 2593 939 2655 materiam
954 2591 1146 2657 suppeditabat.
1178 2593 1185 2620 ¹
1205 2592 1271 2643 Quis
1292 2601 1332 2640 tu·

239 2690 317 2731 nmve
329 2682 439 2739 tantum,
451 2689 538 2724 rernm
549 2673 583 2723 de
592 2674 693 2723 eventis
707 2687 767 2737 qno·
806 2669 901 2718 midnm
922 2676 1013 2732 guttur
1029 2669 1136 2719 miratur
1155 2668 1181 2717 in
1198 2667 1332 2732 Alpibus?

241 2767 291 2815 que
313 2752 420 2814 singulis
440 2751 595 2812 compellare
619 2760 722 2809 areant,
740 2754 768 2796 et
808 2747 845 2796 ait
853 2747 1001 2809 Satyrione:
1019 2755 1097 2795 stnos
1107 2753 1135 2796 et
1144 2745 1332 2804 miratisumnr,

240 2825 362 2890 quidquid
385 2832 475 2874 notatu
493 2825 638 2887 mirataque
660 2824 765 2886 dignum
808 2835 836 2872 et
856 2824 898 2871 vix
921 2838 936 2869 a
955 2823 1071 2884 lacrymis
1090 2821 1165 2869 uobis
1186 2828 1331 2882 temperare

241 2898 373 2955 acciderit,
398 2899 500 2946 curiose
526 2900 680 2960 exquirere:
704 2912 765 2961 quo·
808 2899 948 2962 potuimus,
960 2898 1001 2947 ubi
1010 2899 1147 2961 plerosque
1157 2897 1248 2945 borum
1260 2910 1331 2944 mon·

240 2986 296 3019 rum
318 2969 447 3017 desideria
463 2971 483 3016 ri
501 2969 592 3017 absens
609 2972 765 3031 expleveris,
809 2975 872 3023 tium
885 2976 976 3024 incolas
990 2974 1025 3020 its
1037 2971 1195 3020 deformatos
1208 2971 1330 3021 vidimus.

239 3059 323 3108 neque
340 3044 400 3092 novi
412 3043 549 3107 quidquam
568 3059 682 3109 presens
694 3045 764 3095 adse·
808 3048 859 3097 Sed
872 3047 1076 3114 quotapursbno
1082 3047 1147 3110 justi
1154 3046 1251 3094 doloris
1259 3049 1330 3095 erat?

240 3140 292 3186 ras,
301 3122 547 3173 erilesoitoontiuuo
556 3124 609 3186 illa,
619 3140 695 3188 quam
707 3141 766 3175 con·
808 3126 895 3173 miseri
907 3125 1027 3185 homines,
1040 3137 1147 3186 quorum
1169 3130 1275 3184 guttura
1293 3131 1332 3172 tn·

239 3207 373 3263 ceperant,
395 3197 426 3246 de
450 3204 522 3247 tanto
543 3199 637 3247 itinere
663 3200 764 3262 opinio:
807 3199 1004 3249 morillealtius
1021 3196 1168 3258 obsederat,
1187 3198 1331 3247 oramentis

239 3276 333 3338 uixque
346 3271 501 3322 satisfecisse
510 3273 560 3321 illis
568 3272 651 3323 officio
662 3273 766 3335 rideris,
807 3282 938 3338 computes
956 3281 1038 3323 eraut.
1070 3273 1141 3336 Vidi,
1156 3274 1249 3338 quibus
1265 3282 1330 3322 strn-

239 3351 281 3415 qni
304 3364 354 3400 non
378 3350 403 3396 in
426 3349 545 3398 eruendis
566 3351 692 3414 cujusque
715 3351 766 3400 loci
807 3366 854 3400 mm
866 3352 959 3414 capitis
977 3356 1109 3415 aequarent
1120 3349 1329 3414 magnitudinem,

238 3424 445 3474 memorabilibus
457 3423 674 3474 fuerisattentior.
689 3425 764 3475 Dabo
805 3426 831 3473 in
850 3426 970 3475 dextrum
994 3427 1034 3475 vel
1052 3426 1180 3474 sinistrum
1196 3425 1330 3474 humerum

240 3507 325 3548 tamen
335 3497 433 3546 meritis
445 3513 506 3562 ergu
515 3515 555 3549 me
566 3500 615 3549 tuis
623 3502 689 3549 bunc
702 3515 765 3564 pau·
806 3502 949 3564 prolapsu:
968 3501 993 3549 in
1006 3501 1063 3550 aliis
1080 3501 1130 3562 nri,
1141 3501 1165 3549 in
1178 3500 1328 3563 quibusdam

239 3589 329 3624 carum
340 3575 457 3623 botarum
473 3576 596 3636 laborem,
610 3584 763 3641 servatoque
805 3578 872 3639 pomi
885 3576 1058 3639 grandiusculi
1070 3578 1182 3640 speciem
1193 3576 1327 3625 referrent.

239 3652 362 3716 temporis
384 3659 411 3701 et
434 3666 518 3700 rerum
548 3654 636 3702 ordine
659 3654 763 3717 singulo,
805 3653 900 3702 Eadem
917 3652 972 3702 lere
985 3654 1128 3717 etaequalis
1144 3652 1329 3703 eratstultitiae

239 3741 297 3790 qnae
316 3727 408 3776 vestris
426 3727 526 3775 nuribus
544 3727 621 3789 digna
637 3735 706 3790 sunt,
724 3742 764 3776 re·
804 3729 987 3790 exuberantia5
999 3743 1144 3793 quaquam
1155 3730 1331 3792 molestsper·

239 3802 359 3850 censebo.
804 3803 978 3867 egriuantibns
995 3819 1052 3853 esse
1070 3805 1162 3868 possit,
1179 3820 1227 3869 ego
1246 3818 1330 3853 exem·

271 3876 407 3927 Quatridui
425 3876 474 3925 iter
494 3884 551 3927 erat
567 3879 669 3927 Vienna
689 3878 763 3929 (rrae-
804 3880 846 3943 plo
865 3877 967 3941 suerius,
982 3880 1023 3930 eui
1038 3881 1178 3930 maximnm
1194 3881 1329 3945 aliquando

239 3952 316 4012 nium,
333 3951 400 4015 quod
418 3962 525 4015 propter
537 3953 688 4004 foedissimas
700 3962 763 4004 tem·
804 3955 894 4004 ruendi
918 3956 943 4003 in
966 3956 1115 4018 praecipitia
1132 3957 1276 4020 periculum
1297 3971 1330 4005 ex

238 4035 360 4092 pertentes,
372 4028 471 4091 elinque
483 4044 515 4078 ex
527 4045 649 4093 equorum
663 4032 763 4080 nebien·
803 4031 848 4079 illo
869 4032 998 4080 hominnm
1026 4046 1123 4095 genere
1143 4031 1248 4094 obtigit,
1269 4031 1329 4079 dum

238 4104 372 4167 lorumque
384 4105 489 4167 penuria
506 4106 673 4168 incommoda,
689 4107 762 4168 longe
804 4107 887 4156 obviis
897 4109 923 4156 in
940 4108 1118 4171 angustissimo
1133 4108 1238 4157 tramite
1249 4109 1329 4156 asina·

238 4182 414 4244 gravissimum
435 4180 492 4230 t‘uit.
526 4181 627 4245 Aspera
649 4184 764 4244 sylvoso·
802 4184 846 4233 riis
864 4184 957 4233 cedere
977 4184 1106 4233 volentem
1128 4197 1164 4232 ex
1192 4184 1329 4247 improviso

240 4270 294 4304 rum
306 4256 497 4319 montinmjngu
508 4258 638 4319 negabant
649 4258 763 4321 qnando·
803 4268 902 4323 atergo
914 4261 1036 4309 retinent.
1069 4260 1329 4310 Aderatbonislriece

237 4346 287 4396 qne
300 4347 420 4397 equorum
433 4348 551 4395 operam:
573 4342 662 4399 etqun
674 4337 764 4385 altiora
804 4336 874 4397 viris,
898 4343 994 4398 prmter
1016 4351 1048 4385 ea
1070 4351 1130 4400 quse
1149 4336 1216 4398 dixi,
1234 4350 1328 4400 procax

239 4421 328 4456 eornm
351 4410 469 4466 culmina,
491 4425 521 4459 eo
548 4413 627 4474 major
655 4427 763 4476 corpora
804 4413 921 4476 quandam
938 4420 965 4461 et
977 4413 1107 4461 illiberalis
1120 4412 1244 4462 irridendi
1256 4424 1326 4474 pere·

239 4490 326 4531 nostra
337 4485 463 4534 lassitudo
478 4487 632 4548 occupabat.
666 4489 763 4538 Mensis
803 4489 888 4550 griuos
896 4488 994 4536 lubido:
1006 4487 1244 4551 videbamurqueiis
1251 4492 1326 4547 parte

239 4558 414 4619 emtionins,
431 4559 473 4621 qul
493 4575 550 4608 cnm
567 4563 676 4611 maxime
693 4577 762 4611 sere·
803 4563 911 4626 quadam
930 4563 1045 4626 corporis
1058 4562 1166 4612 debiles.
1196 4559 1327 4623 SicLybi·

240 4640 299 4676 unm
310 4632 402 4682 coelum
414 4633 540 4696 spondere
552 4634 691 4701 debuisset,
702 4652 761 4688 con·
803 4639 840 4688 cir
851 4637 1008 4702 mulieribus,
1022 4639 1096 4703 queis
1112 4639 1246 4688 intentam
1257 4650 1329 4700 maq-
