2850 5256
244 788 308 852 806
711 782 865 842 ,ausonii

246 947 299 1008 nis
314 943 419 1022 magis
434 939 509 1015 fine,
526 957 626 1021 quam
642 937 769 1018 gratim.
813 934 970 1017 Namque
992 935 1053 998 illa
1074 942 1238 1018 perpetua
1257 945 1325 1002 est:

245 1053 290 1121 et,
302 1043 412 1125 spatio
422 1059 488 1103 non
497 1036 732 1113 transmeabili,
742 1036 915 1099 terminum
927 1035 1046 1100 caleisv
1059 1036 1197 1112 ignorat.
1222 1035 1329 1102 Flexu

244 1151 354 1208 tamen
369 1127 503 1224 parvo,'
523 1158 587 1203 nec
604 1146 673 1202 ate
686 1137 828 1221 prooul,¹
850 1142 1025 1201 convertar
1040 1136 1085 1200 ad
1110 1137 1234 1203 Deam.
1277 1138 1329 1202 80.

244 1228 379 1307 AE'terne
392 1240 540 1306 omnium
554 1239 691 1320 genitor,
716 1240 790 1320 ipse
804 1256 871 1302 non
885 1238 1004 1317 genite,
1028 1235 1144 1318 opifex
1167 1246 1205 1302 et
1224 1256 1330 1303 caasa

243 1342 370 1419 mundi,
391 1339 557 1424 principio
569 1338 743 1421 antiquior,
758 1335 823 1399 fine
837 1337 1031 1413 diuturnior,
1047 1337 1104 1418 qai
1118 1339 1243 1421 templa
1255 1338 1329 1416 tibi,

193 1504 197 1513 .
244 1451 279 1508 et
303 1462 379 1507 aras
404 1439 629 1525 penetralibus
656 1439 859 1503 initiatorum
885 1437 1049 1501 mentibus
1075 1437 1270 1517 condidisti,
1295 1446 1330 1503 tu

223 1521 227 1530 ⁵
245 1545 405 1609 Gratiano
420 1542 634 1605 humanarum
649 1559 754 1604 rerum
769 1541 904 1604 domino
918 1537 1082 1622 ejusmodi
1107 1538 1240 1604 semina
1253 1558 1331 1604 nos·

244 1646 288 1709 tri
301 1643 445 1708 amorisr
469 1640 614 1718 inolesti,
629 1646 666 1715 ut
678 1639 761 1703 nihil
775 1641 810 1703 in
823 1639 975 1720 digressu
987 1638 1117 1719 segnior
1129 1638 1253 1718 factus,
1263 1659 1329 1702 me-

175 1750 176 1754 ’
244 1746 399 1810 minisset
412 1748 445 1804 et
458 1741 563 1804 relicti
575 1747 604 1819 ;¹
625 1740 804 1805 illustraret
818 1741 995 1816 absentem,
1021 1739 1247 1821 praesentibus
1273 1759 1330 1804 an·

243 1844 385 1912 taserret.
431 1841 518 1905 Dein
532 1843 612 1925 quia
627 1842 785 1905 interesse
798 1839 987 1924 primordiis
1007 1838 1180 1920 dignitatis
1206 1860 1270 1923 per
1282 1841 1331 1905 lo-

244 1964 360 2010 corum
376 1943 574 2008 intervalla·
593 1961 660 2007 uon
674 1949 824 2026 poterat;
847 1940 889 2004 ad
909 1939 1145 2004 solennitatem
1165 1940 1330 2007 condendi

242 2040 397 2110 honorisl
412 2047 606 2119 occurreret,
617 2041 790 2106 beneficiis
804 2061 846 2104 ne
861 2041 991 2104 deesset
1005 2039 1158 2103 officium.
1177 2041 1233 2106 81.
1243 2041 1329 2120 Quas

241 2146 328 2210 enim
344 2144 500 2207 memoria
514 2151 682 2225 unquam⁷
704 2151 931 2207 transcursum
946 2148 1050 2206 tantae
1066 2141 1265 2220 celeritatis,
1279 2143 1329 2207 vel

241 2335 316 2391 rator,
327 2333 425 2380 sennim
442 2332 554 2380 remonis
570 2332 728 2394 potiusquam
740 2331 838 2392 gratio.
872 2333 933 2381 Hae
943 2333 1004 2381 enirn
1015 2334 1221 2396 senpiternam:
1235 2337 1270 2395 et,
1280 2347 1331 2384 αι

241 2395 398 2443 suranensis
414 2400 515 2458 tempora
532 2410 649 2458 nsnpaarn
668 2396 803 2455 mesilam,
818 2397 892 2444 nescit
904 2397 965 2460 finis
982 2397 1165 2447 extremitatem.
1197 2397 1329 2461 Deflecte·

242 2462 320 2506 mnan
330 2460 361 2506 ad
371 2459 450 2507 Deanr
459 2459 506 2508 leni
517 2460 668 2520 digressione,
678 2473 749 2520 nepae
759 2459 827 2520 longe
836 2474 852 2507 a
862 2465 894 2509 te.
929 2461 1027 2509 AEterne
1036 2475 1122 2523 parens
1131 2475 1211 2510 rer-ass
1221 2461 1330 2521 min,

241 2521 293 2582 ipae
311 2537 427 2584 nanqaarn
441 2522 554 2584 genitam
564 2522 698 2582 jabrimon
713 2528 737 2570 et
752 2537 821 2570 oona
839 2523 911 2583 orbis,
925 2524 1038 2571 setanion
1055 2524 1118 2572 ornei
1134 2524 1265 2600 principio,
1279 2526 1330 2574 dis·

242 2585 335 2633 tarnior
356 2586 455 2634 taniam
472 2585 543 2646 omni,
559 2587 600 2648 qai
617 2586 759 2634 exstruxisti
777 2585 822 2635 tibi
840 2587 935 2635 delabro
950 2591 973 2635 et
990 2587 1078 2636 altaria
1093 2601 1121 2637 sn
1137 2594 1232 2637 inam
1247 2602 1330 2637 mnas

241 2662 321 2696 eorum
337 2650 377 2711 gai
395 2650 506 2698 instructi
521 2655 576 2698 rent
591 2649 640 2697 tais
650 2649 783 2711 mysteriisr
800 2655 827 2699 ts
837 2650 945 2699 indidisti
957 2651 1075 2698 Gratiano
1084 2651 1227 2700 dominatori
1238 2651 1331 2700 mni

239 2712 334 2770 generis
345 2713 404 2760 tatia
412 2714 501 2761 senine
517 2713 603 2760 anwms
612 2727 669 2772 erga
680 2728 724 2767 nse,
741 2717 767 2760 ut
783 2727 925 2775 nequaquam
936 2714 1020 2762 lentior
1025 2714 1106 2773 saetas
1117 2715 1143 2763 in
1154 2716 1281 2764 disemo
1293 2723 1329 2763 'ne

241 2777 403 2823 recordaretur
424 2776 499 2823 adise
520 2777 565 2822 mei
586 2789 652 2836 qaern
672 2777 819 2837 reliquant,-
843 2779 961 2825 decoraret
981 2793 1017 2825 me
1036 2779 1161 2838 ammon,
1185 2783 1329 2840 preponeret

240 2838 402 2896 merentibus.
435 2838 537 2897 Deinde,
552 2838 658 2899 quoniam
674 2853 716 2898 per
732 2839 870 2887 distantiam
879 2843 979 2888 locomm
994 2856 1038 2888 non
1050 2842 1133 2890 licebat
1143 2843 1165 2890 ei
1175 2846 1257 2891 deese
1263 2842 1329 2905 pris·

240 2899 441 2958 eipiisiajassnrei
459 2901 561 2960 honoris,
577 2905 708 2948 accerseret
724 2903 755 2947 ad
771 2903 931 2951 solennitatem
950 2906 1045 2953 ineundi
1058 2906 1103 2953 snei
1115 2907 1285 2966 Magistratus,
1301 2912 1327 2954 st

242 2960 284 3007 ios
291 2962 424 3021 presentia
433 2977 481 3010 saoe
491 2964 564 3026 emisio
575 2963 707 3026 beneficiam
716 2978 783 3012 marn
793 2968 961 3016 condecorant.
996 2970 1060 3017 Noni
1078 2985 1132 3031 qaoe
1146 2969 1245 3018 usna
1254 2970 1327 3018 etis·

238 3216 315 3277 quotes
323 3228 342 3262 s.
353 3212 422 3271 nans.
427 3217 474 3262 -7
493 3217 554 3270 Qaoe
563 3216 624 3265 enin
634 3219 753 3279 memorio,
764 3218 883 3280 memorio,
894 3219 985 3280 onaan
998 3220 1064 3283 vulg.
1091 3221 1228 3270 Vossianus
1239 3223 1306 3271 alter
1316 3240 1323 3271 :

729 3357 754 3404 Ν
758 3356 834 3405 01²AE

272 3465 282 3487 '
311 3458 442 3506 Terminam
473 3458 554 3520 sabb]
597 3457 759 3520 Metaphora.
800 3459 1324 3526 denditionorisnonvidetnraliefaisse‚

240 3533 313 3591 Calx,
334 3539 361 3581 et
384 3533 546 3593 calcaneum,
567 3535 643 3595 taius,
659 3534 759 3583 immani
800 3552 874 3600 quam
886 3539 965 3600 ipsius
976 3540 1129 3590 Consulatus
1139 3542 1200 3591 Kal.
1209 3543 1268 3593 Jan.
1278 3558 1323 3606 ap-

239 3609 352 3670 corporis
365 3611 514 3659 extremitas
526 3619 574 3659 est.
799 3614 940 3676 prehensio.

270 3691 286 3714 '
298 3685 549 3748 llexatmenparro]
562 3684 681 3734 Imitatur
691 3686 758 3736 Plln.
831 3686 846 3714 ⁶
866 3689 986 3737 Condendi
1007 3691 1109 3753 bonoria
1130 3693 1186 3755 lte]
1211 3692 1324 3744 Aberat

238 3759 265 3806 in
274 3758 441 3822 Panegyrico.
799 3771 893 3826 noster,
913 3766 971 3815 dum
993 3782 1025 3816 ea
1043 3770 1149 3831 exponit
1168 3770 1201 3818 de
1225 3772 1325 3835 ‘ipsine

270 3841 283 3866 ¹
301 3834 507 3897 Necateprocal]
532 3834 635 3897 Quippe
647 3834 689 3898 qui
700 3836 757 3883 Deo
799 3840 951 3888 Consulatus
963 3842 1021 3891 Kal.
1032 3842 1091 3893 an.
1102 3845 1324 3907 apprehensione!

238 3923 266 3956 es
276 3910 416 3972 proximus.
797 3915 878 3977 Supra
887 3917 953 3964 enirn
964 3917 1028 3965 dixit
1036 3917 1164 3968 Ausonius
1171 3921 1323 3972 Gratianum

269 3991 280 4024 5
297 3984 382 4032 Nostri
393 3984 490 4046 amris]
508 3985 568 4033 Mei.
798 4004 844 4051 per
852 3990 1105 4042 locoruminterrnlla
1113 3997 1321 4062 primordiisdig·

268 4058 392 4121 ²Re1ictr]
409 4060 547 4123 Meiquem
561 4061 707 4124 reliqueras.
798 4065 886 4113 nitatis
901 4067 1024 4116 interesse
1036 4083 1086 4116 uon
1098 4071 1221 4131 potuisse.
1255 4075 1323 4125 Quin

268 4134 445 4182 'Perlooormn
453 4135 584 4197 inorata]
595 4137 658 4184 Erat
666 4152 757 4200 nempe
798 4141 873 4187 etiam
892 4156 923 4188 ex
945 4143 1053 4205 iegibus,
1072 4144 1157 4193 Sirmii
1181 4147 1323 4197 Februario

236 4207 375 4256 Gratianus
386 4211 470 4258 Sirmii
480 4212 505 4259 in
520 4211 660 4273 Pannonia,
676 4212 757 4262 Auso·
797 4227 894 4274 mense,
914 4215 1056 4264 Mediolani
1078 4217 1159 4279 Julio,
1179 4221 1287 4286 aliisque
1307 4236 1323 4269 a

235 4283 292 4331 nius
303 4283 328 4330 in
340 4284 425 4333 Gallia
436 4286 503 4348 apud
518 4285 661 4350 Augustam
671 4289 757 4338 Trevi·
798 4288 920 4337 Gratiano
932 4291 990 4339 aiibi
1003 4290 1080 4352 datis,
1099 4303 1201 4343 constat
1213 4298 1322 4346 nonnisi

236 4372 329 4406 rorum.
796 4373 907 4414 exeunte
919 4381 984 4415 anno
996 4371 1052 4417 sio.
1063 4369 1193 4419 Treverim
1205 4371 1321 4422 deuenit·

267 4431 279 4463 b
296 4435 415 4484 Condendi
425 4436 529 4498 lwnoris]
546 4437 692 4487 Primordia
703 4439 755 4503 dig·
797 4454 833 4502 se,
844 4449 872 4490 ut
883 4456 924 4490 me
931 4444 984 4505 jam
996 4445 1121 4492 monuisse
1133 4447 1246 4495 memini.
1264 4449 1321 4497 Huc

234 4506 323 4555 nitatis
341 4509 441 4560 fuerant
459 4513 513 4575 ipsa
533 4513 660 4577 Principis
672 4516 756 4580 desig·
796 4517 897 4565 accedit
909 4519 974 4580 quod
986 4519 1013 4565 ri
1032 4520 1175 4569 ‘condere'
1192 4536 1321 4586 nunquam

235 4579 314 4642 natio,
323 4583 418 4632 trabeae
428 4587 523 4634 missio.
545 4588 756 4641 Solennitsscon·
797 4599 943 4656 usurpatum
956 4601 995 4642 est
1018 4609 1063 4656 pro
1080 4595 1154 4658 inire,
1175 4599 1321 4662 auspicari;
