2850 5256
219 747 286 813 974
565 751 674 802 uorra
697 748 897 798 vaurouusr
922 748 962 796 ru

222 893 497 953 rsooltortisVexllla'
514 901 600 955 vocat,
615 894 642 942 ul
659 891 744 954 fallor,
779 891 907 952 reatibus,
923 889 968 954 qui
978 889 1005 938 iu
1018 888 1302 953 praecedentibusoots·

221 979 341 1028 ducatum
355 975 466 1032 Schola,
481 978 509 1019 st
527 971 657 1020 cathedra
677 968 745 1032 prin·
780 976 935 1016 memoratus
947 980 998 1015 uos
1008 973 1060 1028 est,
1076 965 1235 1017 satisfaciam
1251 981 1309 1031 spe·

220 1055 343 1117 cipetum.
376 1049 430 1099 Pro
453 1048 591 1095 Consulens
610 1052 651 1095 ts.-
672 1059 746 1107 repo·
781 1057 820 1104 ro,
836 1043 856 1091 si
869 1042 978 1090 Carmen
986 1055 1046 1090 xrs.
1059 1043 1192 1105 respicere
1201 1042 1309 1107 dignes·

220 1131 316 1178 suimus
331 1125 469 1173 Costulsros
489 1129 522 1173 ts.
554 1118 747 1179 ‘Couuubiuuu’
780 1125 833 1179 tur,
849 1116 1239 1168 ubihaecduououriuaaodsrrr
1254 1134 1308 1170 mo·

219 1201 388 1259 affinitatem
406 1195 474 1262 quod
485 1204 512 1247 et
523 1196 556 1246 ab
567 1197 625 1245 aliis
644 1209 747 1258 usurpa·
780 1191 815 1243 do
821 1193 983 1256 jungantur:
998 1193 1006 1220 ‘
1017 1193 1107 1242 Gloria
1118 1192 1238 1243 Athenai
1248 1209 1309 1258 aug.

220 1286 276 1328 tum
295 1275 409 1324 memini.
441 1273 512 1322 Duos
533 1272 637 1321 ultimos
655 1283 745 1319 sersus
781 1269 837 1318 aits
862 1268 924 1318 sede
950 1268 1011 1332 loci,
1037 1267 1157 1330 Neuris,
1183 1278 1213 1319 et
1238 1271 1307 1321 claro

219 1351 380 1400 notissimum
417 1361 450 1396 ex
490 1346 600 1397 Horstio
640 1345 746 1408 petitos.
782 1344 909 1411 quondam
922 1344 1009 1394 delata
1019 1342 1144 1393 Petere?

221 1427 368 1488 Propterea
381 1424 419 1472 ite
436 1422 602 1484 correximus,
617 1427 646 1470 at
662 1419 747 1483 posui·
812 1424 829 1470 ἢ
846 1420 941 1484 Putris]
964 1419 1062 1468 'l'ibsrii
1077 1418 1194 1468 Victoris
1212 1419 1309 1468 Mirer·

222 1514 279 1556 auus
289 1512 382 1549 nomeu
391 1497 506 1549 Horatii.
537 1497 641 1546 Dictum
652 1501 748 1556 sotem,
782 1496 969 1562 aliquomodo
984 1505 1068 1561 putot
1085 1498 1129 1562 qul
1146 1498 1244 1560 primus
1260 1499 1309 1548 laoc

221 1575 321 1626 ‘Dicte
342 1570 462 1636 prolatu:
484 1586 540 1635 pro,
562 1571 664 1621 Dictus.
696 1568 747 1617 Vo·
782 1573 808 1623 in
819 1573 887 1622 libro
898 1572 948 1623 fait
959 1572 1078 1624 defletus.
1097 1573 1208 1623 Visetur.

223 1649 309 1704 candi,
326 1663 372 1712 pro
383 1646 529 1696 nominandi
540 1659 613 1707 casu,
628 1643 696 1709 quod
709 1650 747 1692 to·
814 1651 845 1696 to
874 1648 1014 1698 Solstdiolis
1044 1648 1113 1698 Velut
1140 1647 1213 1698 sol·
1241 1646 1312 1711 ssist]

223 1729 273 1777 ties
285 1732 402 1775 notemus
419 1725 444 1772 iu
456 1723 580 1773 Ausonio.
611 1722 654 1771 Sic
672 1720 748 1782 dixit,
783 1722 925 1773 Pseudolus
944 1737 1033 1773 servus
1053 1723 1079 1771 iu
1094 1722 1223 1786 principio
1234 1722 1310 1771 Plu·

126 1843 131 1851 .
222 1798 420 1860 ‘Praetextste‚’
430 1812 476 1861 pro
486 1799 669 1848 Praetextatus.
680 1796 747 1846 Nam
783 1799 846 1848 tium
873 1798 1013 1849 Pseudolis
1040 1799 1143 1850 ‘Quasi
1168 1797 1308 1848 solstitialis

221 1877 260 1928 ita
267 1875 378 1925 habebat
386 1881 459 1924 retus
468 1874 622 1924 membrana.
632 1872 748 1934 Soriigsr.
783 1875 864 1925 herbo
879 1875 1010 1938 paulisper
1026 1872 1073 1923 foi.
1104 1874 1222 1936 Repente
1236 1885 1309 1921 exorr-

258 1953 281 2000 0
295 1951 345 2015 ,iios
360 1948 490 2012 Jsomuor]
506 1947 748 1998 Perturbatissiruus
784 1958 909 2002 turanum
928 1949 1181 2014 repentinamidil
1195 1948 1301 1998 Vnum.

224 2033 265 2076 est
276 2028 300 2075 iu
312 2026 415 2089 scriptia
432 2025 521 2074 luorum
544 2037 662 2074 versuum
678 2021 748 2071 ordo.
816 2024 955 2075 &mittatis
965 2026 1036 2076 Vslst
1043 2023 1127 2087 teror]
1137 2023 1312 2073 Usitstissiras

223 2103 313 2167 Atque
324 2102 382 2150 lriuc
393 2100 496 2160 accidit,
511 2106 541 2148 ut
557 2113 635 2164 quum
654 2098 749 2147 illiner-
785 2101 817 2151 ab
826 2102 913 2152 hurbis
922 2110 950 2152 et
960 2099 1065 2151 floribus
1081 2100 1165 2150 utitur
1177 2112 1313 2162 compara·

223 2180 370 2228 slumlrunc
388 2177 490 2228 summis
509 2174 628 2226 laudibus
641 2173 751 2224 voluerit
785 2179 866 2228 tione.
899 2178 943 2228 sic
959 2177 1059 2227 statiua
1078 2174 1125 2226 lib.
1147 2188 1178 2225 tt.
1199 2175 1271 2238 Syia.
1290 2179 1313 2224 1.

223 2253 353 2304 Ausonius
364 2252 466 2310 efferre,
477 2253 583 2315 culpare
594 2265 669 2315 prena
680 2250 751 2299 ride·
785 2255 863 2318 ‘llle,
885 2254 958 2303 velut
974 2253 1069 2316 primos
1085 2251 1265 2315 exspiraturus
1280 2249 1314 2299 sd

224 2337 292 2389 stur,
307 2332 400 2380 saltem
421 2331 442 2379 si
459 2330 594 2391 Scaligero
612 2326 749 2388 eredimus,
785 2338 886 2379 sustros
904 2328 1026 2378 Mollibus
1046 2326 1173 2390 luptatis
1193 2327 1244 2374 alte
1265 2323 1313 2374 llos

223 2406 269 2470 qui
279 2412 356 2469 putat
365 2405 445 2454 etisru
457 2405 525 2467 patri
537 2419 583 2453 suo
603 2416 653 2451 nou
670 2400 750 2451 foisse
785 2403 916 2468 improbus
928 2409 1023 2464 exstat,
1032 2402 1077 2451 Sic
1088 2409 1164 2451 teser
1172 2400 1312 2449 sotadicus

223 2479 355 2535 heredem.
387 2479 424 2528 Ut
435 2478 515 2541 igitur
525 2477 566 2526 hie
578 2476 699 2526 Alethius
718 2489 751 2525 ss
787 2480 859 2528 vultu
877 2475 1137 2543 gressuquesuperlto
1152 2476 1258 2525 Vicerat
1278 2490 1313 2524 ε-

222 2557 258 2607 sit
269 2555 458 2606 existimatione
470 2552 540 2616 apud
556 2560 683 2616 posteros,
700 2564 752 2616 qua
786 2554 883 2618 quales,
899 2553 1058 2617 multumque
1067 2552 1208 2616 reliqueret
1218 2549 1315 2599 moos!

225 2645 284 2681 eum
295 2644 351 2680 esse
363 2630 442 2679 voluit
453 2627 546 2689 Polite,
561 2628 610 2677 hoc
629 2627 692 2676 milri
711 2639 752 2675 or·
787 2628 861 2678 idem
872 2629 916 2677 lib.
926 2640 970 2678 ιιι.
981 2629 1008 2677 io
1018 2628 1082 2678 laer.
1092 2625 1232 2676 Hetruscis
1244 2624 1316 2674 ‘Sed

225 2705 287 2756 diue
304 2712 386 2754 toturn
398 2705 507 2753 Carmen
525 2702 661 2766 legendum
681 2699 752 2749 ride·
788 2701 1316 2766 mediacecidereabruptsjnreutaGso·

225 2791 283 2834 tor:
310 2784 351 2846 [ut
371 2796 417 2830 nos
439 2782 464 2829 iu
484 2788 559 2829 textu
581 2776 752 2838 excudimus]
789 2780 841 2841 dia,
857 2778 1029 2842 florentesque
1046 2793 1123 2827 mauu
1142 2778 1220 2827 scidit
1237 2778 1316 2826 Atro·

226 2858 265 2905 Eu
278 2871 354 2920 quam
366 2857 468 2904 diversa
480 2855 535 2902 haec
547 2868 561 2901 a
573 2861 660 2901 mente
672 2861 699 2900 et
716 2854 753 2900 iu·
790 2869 835 2916 poa
856 2868 943 2903 anuos.
976 2855 1069 2905 Qualia
1086 2855 1212 2917 pallentes
1234 2853 1314 2900 decli·

225 2930 415 2991 terpretatiuue
425 2928 561 2988 Scaligeri!
580 2926 752 2973 ‘Deseruiati'
788 2939 851 2978 nant
864 2931 917 2977 lilia
928 2931 1029 2988 culmos,
1046 2928 1230 2990 Rubentesque
1245 2942 1314 2976 rosoe

224 3003 291 3066 (scil.
304 3003 440 3049 immatura
454 3007 537 3048 morte
549 2999 651 3061 ruptus)
669 3000 753 3049 oruuia
789 3007 886 3066 primos
907 3003 1043 3053 moriuntur
1064 3001 1097 3050 ari
1116 3011 1231 3062 austros,
1260 3001 1317 3050 Aut

224 3078 280 3127 llaec
291 3084 389 3126 naturas
401 3083 429 3124 et
440 3075 551 3124 iortuuae
567 3076 644 3136 dona,
661 3089 693 3123 ue
713 3089 752 3123 re·
789 3077 834 3126 ubi
857 3094 936 3127 verne
956 3077 1028 3126 noris
1056 3077 1173 3140 exspirat
1201 3091 1317 3141 purpura

226 3154 294 3203 lictis
321 3152 424 3215 quidem
451 3150 550 3212 libaria,
578 3151 623 3213 qui
650 3151 753 3199 divitias
789 3154 887 3217 pratis!

225 3230 358 3291 utriusque
366 3227 454 3274 domus
463 3226 620 3274 hereditario
626 3226 685 3288 jure
695 3240 753 3288 pos·-
820 3234 851 3278 8⁷
871 3232 1008 3278 Osiealotus
1030 3227 1175 3290 Raptaque]
1192 3228 1244 3279 Qui
1263 3229 1316 3277 cito

225 3305 349 3353 siderent.
387 3302 431 3351 Sic
453 3302 538 3350 (ἒιιιιιι.
565 3313 645 3349 xxiv.
672 3302 751 3348 'Taru
788 3303 842 3353 latu
852 3306 997 3366 rapiuntur,
1013 3317 1062 3351 nec
1072 3303 1178 3351 multam
1193 3316 1315 3352 annoruur

225 3379 305 3428 decus
321 3390 396 3424 omne
416 3376 478 3434 tuis,
496 3390 571 3438 quarn
592 3390 651 3423 mox
669 3374 752 3439 dolor,
788 3392 921 3427 numerum
949 3376 1060 3439 faciunt,
1087 3378 1189 3427 Osteusi
1213 3385 1314 3426 tautuus

224 3451 414 3503 omniaacerbo
430 3451 532 3499 Funere
551 3450 687 3499 destituis!
719 3451 751 3499 ld
788 3453 1122 3503 humanasritaedicuutur.
1149 3452 1313 3513 Virgiliusde

225 3526 386 3587 eandem·
419 3523 653 3574 ‘Rhetorictflotis
670 3524 751 3574 edulii
787 3531 931 3580 Marcello:
958 3529 1127 3579 ‘Ostendent
1147 3529 1219 3576 terris
1244 3527 1313 3575 hunc

225 3600 300 3663 fruge
322 3599 428 3649 carens'
446 3609 495 3658 eat,
511 3615 567 3664 quae
587 3600 695 3649 necdum
717 3600 750 3649 ad
789 3612 888 3654 tantum
917 3603 991 3652 fate!
1031 3603 1174 3651 chautius
1201 3602 1246 3651 lib.
1275 3615 1315 3650 tu.

223 3676 750 3738 illemprovectiorisretatiepervcnitnra·
788 3680 872 3728 Carus.
893 3692 969 3728 xxvi.
992 3678 1097 3727 ‘Omne
1118 3677 1211 3726 bouum
1233 3676 1318 3733 velox,

224 3753 366 3813 inritatam,
377 3761 405 3801 ut
415 3756 422 3781 ‘
434 3766 595 3816 prosperam
606 3752 750 3801 fruendam*
786 3753 945 3818 fugitivaque
957 3753 1052 3817 gaudis
1068 3752 1155 3801 mundi
1171 3753 1315 3801 Menstruu-

224 3828 308 3888 daret‚
326 3837 356 3877 ut
373 3829 433 3876 alibi
450 3830 553 3879 Noster.
586 3828 695 3876 Versum
707 3830 750 3890 qui
787 3838 830 3879 tur
841 3832 928 3893 terris,
945 3838 973 3880 et
984 3831 1038 3880 cito
1049 3829 1122 3892 lapsa
1140 3828 1315 3878 ruunt.’Bsr·

223 3903 322 3965 decrat,
338 3904 374 3952 ita
392 3904 517 3966 suppleri,
534 3904 592 3952 Post
614 3904 751 3966 illusorium,
786 3907 858 3961 llius.

223 3979 328 4040 Postque
357 3980 476 4027 Poteram.
520 3979 607 4029 erare
637 3980 750 4027 Paternus
818 3987 851 4032 49
869 3982 998 4043 Utriusque
1015 3979 1076 4042 sisse]
1094 3980 1126 4029 In
1137 3980 1229 4029 Veteri
1249 3979 1316 4029 libro

223 4070 297 4117 quam
309 4056 406 4103 Puteroe
427 4055 522 4114 malim,
540 4062 614 4102 vetus
637 4054 701 4102 liber
723 4063 750 4104 et
786 4066 844 4106 eret
859 4057 986 4120 Utriusque
996 4059 1076 4105 dossas
1091 4056 1149 4104 Siste
1166 4057 1250 4104 iaersds
1267 4061 1314 4103 tau

222 4130 411 4193 propositionis
439 4130 553 4192 regimen
579 4130 694 4177 fuciunt:
724 4131 749 4178 iu
786 4132 838 4180 Ubi
850 4132 957 4194 primum
970 4132 1072 4180 videtur
1090 4132 1248 4194 corripuisse
1268 4131 1317 4179 Po·

221 4208 266 4255 illo
286 4222 404 4270 namque,
420 4209 524 4269 Postque
535 4208 637 4256 Petere.-
656 4208 749 4256 ubila·
786 4205 839 4267 ira,
862 4214 955 4256 contra
980 4220 1057 4268 quam
1086 4206 1171 4253 solent
1198 4205 1250 4254 alii.
1283 4207 1317 4254 Et

222 4283 272 4330 cita
284 4290 345 4330 nota
356 4284 426 4341 ills,
443 4297 499 4345 quur
512 4298 536 4329 ru
547 4283 647 4331 literam
665 4283 750 4345 desig·
786 4296 843 4331 curu
865 4283 938 4331 iares
958 4295 1030 4343 saepo
1057 4294 1103 4342 per
1130 4280 1316 4343 diphthongon

221 4363 275 4416 uat,
292 4357 388 4419 negligi
410 4358 525 4420 potuisse
547 4357 667 4405 ridetur:
694 4357 749 4407 liaeo
786 4359 925 4421 scribatur,
938 4359 1036 4408 Noster
1048 4366 1132 4406 sutem
1141 4357 1312 4421 diphthongos

222 4438 307 4479 auteur
319 4435 492 4481 accusativum
512 4433 604 4494 poscit.
639 4435 696 4483 Nec
713 4436 749 4484 vi·
786 4436 849 4483 elisa
874 4450 923 4483 uus
948 4433 1031 4482 vocali
1056 4433 1211 4496 quaudoque
1234 4433 1310 4480 soleat

221 4502 279 4558 deo.
303 4523 382 4568 quare
404 4510 500 4570 ellipsis
521 4510 554 4557 sit
580 4509 748 4559 arisuurcuda.
786 4512 929 4572 corripere,
956 4522 1028 4557 more
1055 4508 1098 4557 hie
1126 4506 1240 4557 fortassis
1264 4517 1310 4550 stro

223 4577 390 4630 ‘Neratium'
418 4583 486 4631 uude
515 4586 660 4646 acceperim
681 4601 748 4648 qua·-
785 4584 1019 4649 fecerit,et‘siue
1036 4584 1313 4647 ltere’prosaapaesto
