2806 5234
525 721 576 768 nn
600 721 808 772 ausonius.
1160 711 1224 776 aaa

126 869 263 945 tiones?
276 871 380 949 atque
393 866 526 949 epulum
542 866 782 949 postulassem:
806 873 843 929 tu
858 866 937 930 mibi
951 887 1086 933 mensas
1101 890 1220 936 secun·

129 969 209 1046 das,
230 974 267 1033 et
277 968 473 1033 scitamenta
487 968 622 1049 exiguae
648 969 755 1030 lancis
770 970 976 1051 apponeresl
1021 970 1091 1035 Fae
1108 975 1222 1038 veniat

129 1071 166 1133 in
179 1076 330 1146 mentem,
344 1069 424 1151 quid
440 1068 563 1133 Graeca
577 1069 756 1151 superbae
771 1068 863 1133 dicat
878 1070 992 1133 oratio.
1037 1067 1151 1135 Parsis
1163 1094 1219 1135 na·

128 1168 292 1246 trimenta'a,
301 1170 419 1251 inquit,
427 1188 604 1253 quanquam
615 1190 635 1231 a
648 1178 746 1230 morte
758 1166 964 1252 dorserrdimnr,
973 1168 1053 1232 nihil
1063 1181 1164 1235 tamen
1177 1175 1221 1237 nd

129 1269 285 1333 robustam
295 1267 500 1333 valetudinem
514 1289 740 1351 promovemur.
777 1269 938 1349 Putasne,
953 1291 1007 1335 me
1020 1272 1062 1335 de
1077 1292 1219 1357 occupa-

129 1371 278 1435 tionibus
301 1371 369 1435 tnis
389 1389 463 1433 esse
480 1370 678 1434 taciturnml
725 1369 881 1447 Quaestor
897 1391 945 1448 es,
967 1374 1120 1437 memini:
1143 1393 1220 1439 con·

129 1472 199 1537 silii
221 1470 345 1553 regalis
374 1470 556 1554 particeps,
582 1469 672 1533 scio:
699 1469 786 1533 adde
811 1469 877 1534 huc
903 1472 970 1536 alia
993 1474 1084 1536 mille
1104 1495 1221 1541 rerum.

129 1571 311 1656 Nunquam
324 1572 446 1647 evenit,
468 1578 503 1635 ut
517 1573 681 1653 ingenium
698 1579 790 1635 tuum
805 1572 902 1636 labor
916 1574 1054 1652 deterat,
1077 1577 1221 1656 benigni⁴

127 1680 232 1739 tatem
254 1694 335 1739 nura
361 1672 484 1752 flectat,
505 1672 693 1737 facundiam
720 1693 800 1737 usus
824 1673 1006 1738 exhauriat.
1051 1675 1088 1739 Si
1104 1677 1222 1741 diurna

128 1777 262 1857 negotia
275 1795 443 1859 nunquam
457 1775 640 1857 distingues
655 1776 787 1858 quiete;
810 1782 899 1840 certe
917 1777 1115 1840 antelucano
1131 1797 1220 1841 som·

127 1896 172 1940 no
186 1878 298 1941 nullus
312 1876 497 1954 indulseris,
520 1886 558 1940 ut
579 1875 676 1939 detur
693 1875 831 1959 aliquod
851 1885 981 1959 tempus
996 1876 1122 1941 officiis.
1167 1877 1221 1943 Aa

128 1979 190 2043 tihi
203 1998 323 2062 parum
338 1977 484 2060 exempli
499 1977 632 2043 videtur
646 1977 681 2039 in
697 1975 847 2053 Comico,
863 1997 936 2039 cum
953 1977 1019 2040 ait:

185 2110 288 2183 Qum
303 2109 428 2176 nellem‘
442 2110 535 2174 etiarn
551 2120 640 2173 noctu
656 2109 760 2172 noricis
775 2130 897 2194 operam
912 2130 973 2170 mos
988 2119 1060 2173 esset
1076 2109 1168 2172 duri!

128 2249 196 2315 Sed
210 2269 270 2314 cnr
283 2268 345 2331 ego
360 2249 521 2312 sermonis
536 2266 663 2330 pauper
678 2247 805 2310 diutius
821 2244 1007 2325 obganniol
1053 2242 1221 2309 imitanda

128 2357 179 2416 est
203 2351 285 2415 mibi
312 2350 455 2433 epistola
478 2368 604 2425 recens,
626 2356 665 2412 ut
687 2356 802 2411 cetera
825 2364 951 2408 morum
967 2351 1117 2408 tuorum:
1140 2345 1221 2409 torte

128 2457 317 2536 occupatus
331 2469 465 2515 aecusas
479 2449 592 2514 literas
604 2447 784 2529 longiores.
830 2444 871 2507 Id
885 2447 934 2507 ita
948 2462 1022 2507 esse
1037 2451 1129 2506 recte
1144 2461 1221 2506 con·

122 2554 227 2636 jecto.
268 2549 380 2615 Video
394 2551 494 2626 enim,
510 2567 613 2632 quam
628 2548 716 2611 nolis
732 2546 838 2609 multa
859 2545 978 2625 legere,
1005 2545 1060 2608 cni
1087 2545 1145 2607 vix
1170 2550 1222 2607 est

129 2654 234 2718 otium
248 2671 357 2737 pauca
370 2652 509 2717 dictare.
531 2649 656 2713 Vana.

617 2809 724 2862 NOTAE

157 2912 277 2962 ”aalma
299 2912 570 2976 msioisss1llstusto
594 2921 653 2973 pro·
695 2912 777 2953 torum
795 2900 940 2951 animalium
962 2913 1023 2948 saro
1044 2898 1112 2962 plebi
1135 2898 1220 2950 distri·

126 2988 428 3040 verbiosaliaresdictn
443 2986 591 3035 lautissime
602 2997 652 3031 cn·
693 2980 787 3030 buitur.
820 2977 940 3039 ‘Populo
961 2975 1099 3023 visceratio
1121 2975 1220 3026 datas

126 3079 180 3123 na,
197 3061 299 3111 assitis
306 3060 400 3108 Martis
411 3060 557 3109 Ballionia
567 3071 652 3108 saeer-
693 3057 783 3106 Marco
794 3055 883 3104 Flavio
900 3054 925 3100 in
946 3051 1037 3099 funera
1053 3052 1159 3100 matris)
1176 3053 1220 3101 Li·

126 3138 244 3190 dotibus.
695 3132 750 3179 viris
763 3130 831 3177 Hiar.
845 3139 887 3174 m.

160 3222 170 3247 ‘
191 3208 376 3272 viscerationes]
394 3207 491 3270 Dictae,
507 3221 565 3256 oum
576 3207 656 3255 solen·
725 3208 832 3261 ‘Quam
852 3203 943 3259 sellem,
963 3199 1015 3261 tra]
1043 3200 1081 3247 Ex
1103 3200 1221 3255 'l'orentil

127 3293 152 3340 nl
165 3303 249 3351 sacro,
264 3296 309 3336 aut
326 3284 457 3349 Magnatis
470 3283 571 3347 iuuere,
590 3284 653 3332 mul·
694 3282 830 3345 Adelphis,
840 3278 914 3326 initio
926 3283 998 3324 actus
1009 3279 1033 3325 4.

422 3535 473 3582 vl·
495 3533 732 3583 SYMMACHUS
758 3531 932 3580 AUSONlO.

172 3671 260 3738 Eum
276 3671 470 3755 plerumque
486 3685 568 3732 vera
582 3671 633 3729 est
647 3665 736 3748 apud
757 3669 911 3747 parentes
926 3655 1121 3743 praedicatio
1136 3651 1221 3717 filio-

128 3794 214 3849 rum,
235 3773 434 3855 nescioquo
454 3776 564 3835 tamen
580 3774 683 3849 pacto
699 3767 930 3829 detrimentum
946 3757 1052 3822 meriti
1068 3756 1120 3819 sui
1134 3755 1222 3836 pati·

128 3883 193 3955 tur,
216 3875 296 3939 dum
320 3890 534 3957 personarum
557 3875 709 3951 spectare
724 3867 861 3947 gratiam
871 3861 1051 3946 judicatur.
1096 3854 1221 3932 Quaero

127 3978 230 4060 igitur
243 3975 388 4038 incertus
403 3972 517 4047 animi,
528 3988 605 4052 quaa
618 3968 699 4032 mihi
714 3986 800 4031 nunc
814 3963 1022 4047 potissimum
1034 3975 1136 4040 super
1150 3954 1221 4019 viro

126 4076 313 4141 honorabili
334 4067 572 4138 Tnnnassw‘
597 4087 719 4148 genero
746 4074 804 4129 hro
834 4063 936 4125 verba
961 4057 1121 4123 sumenda
1144 4055 1221 4119 siut.

129 4177 168 4238 Si
183 4194 283 4259 parce
301 4193 432 4239 morum
453 4173 524 4257 ejus
539 4170 661 4235 decora
676 4169 848 4248 attingam,
869 4161 983 4225 liventi
999 4158 1115 4221 similis
1131 4153 1224 4219 aesti-

126 4276 263 4341 mabor:
287 4277 318 4340 si
328 4276 423 4359 juste
438 4290 633 4359 prosequar,
645 4289 704 4335 ero
720 4268 895 4352 prosimus
910 4259 1099 4326 blandienti.
1143 4253 1222 4317 Imi-

623 4433 729 4485 NOTAE

156 4544 171 4572 ¹
187 4538 230 4586 De
239 4537 374 4586 Thalassio
385 4535 443 4584 ride
454 4548 511 4599 qnae
523 4531 701 4582 annotavimus
713 4528 745 4578 ad
757 4525 918 4586 Parentalia,
928 4530 956 4572 et
967 4521 999 4573 ad
1013 4519 1163 4583 Epicadion.

193 4617 281 4679 Delph.
290 4620 312 4664 ot
324 4614 379 4663 Var.
391 4614 454 4664 Clas.
631 4610 721 4658 Asson.
1111 4604 1125 4648 ³
1145 4600 1157 4653 l
