2850 5256
161 749 228 816 690
634 757 791 821 Ausonii
810 754 814 765 ·

162 910 212 974 Te
228 924 360 991 quoque
372 923 414 969 ne
426 903 545 989 pigeat
559 903 742 986 consponsi
757 900 917 967 foederis:
940 907 975 969 et
993 899 1067 986 jam

205 1008 303 1073 Gitus
317 1008 393 1072 veni
408 1026 508 1085 remo,
529 1011 586 1070 aut
600 1013 686 1083 rota,

163 1110 324 1195 AEquoris
340 1108 459 1173 undosi
475 1127 544 1190 qua
558 1106 781 1189 multiplicata
795 1123 941 1181 recursu,

206 1212 379 1278 Garumna
393 1216 532 1293 pontum
548 1212 729 1291 provocat:

156 1309 235 1380 'Ant
248 1315 438 1377 iteratarum
451 1329 517 1393 qua
531 1309 646 1391 glarea
659 1308 738 1372 trita
752 1306 893 1384 viarum,

207 1417 285 1481 Fert
297 1414 473 1478 militarem
488 1412 530 1477 ad
545 1411 713 1475 Blaviam.

51 1585 54 1589 ,
163 1520 240 1587 Nos
254 1517 372 1583 etenim
388 1514 504 1600 primis
521 1519 671 1578 sancium
685 1519 767 1597 post
781 1509 915 1576 Pascha
926 1508 1047 1575 diebus

205 1618 358 1684 Anemus
374 1635 489 1698 agrum
504 1615 623 1679 visere.

164 1722 254 1787 Nam
269 1718 384 1804 populi
399 1720 518 1792 coetus,
540 1723 575 1778 et
589 1714 738 1797 compita
751 1712 891 1779 sordida
903 1712 988 1778 rixis

207 1819 442 1895 Fastidientes,
465 1817 626 1881 cernimus

162 1922 334 2005 Augustas
348 1921 474 1984 fervere
489 1918 576 1994 vias,
598 1925 631 1982 et
646 1936 806 2001 congrege
820 1917 919 1998 vulgo

206 2024 338 2089 Nomen
351 2022 482 2105 plateas
497 2017 645 2104 perdere.

162 2202 234 2254 aiiii:
250 2203 332 2265 ajam
340 2216 438 2266 propere
449 2215 545 2252 aeram
556 2200 621 2261 saei,
629 2203 758 2248 mostra.
794 2196 848 2251 Qsa
858 2200 926 2259 parts
940 2195 1063 2244 Garamas
1074 2190 1259 2270 massepha

162 2269 236 2317 maris
247 2268 339 2330 uadosi,
347 2267 465 2317 contendit
472 2269 502 2315 ds
512 2266 638 2314 latitudine
645 2277 699 2312 cant
704 2263 797 2338 pelago.
817 2260 860 2309 Vel
870 2275 916 2323 otro
926 2260 1026 2308 micam
1035 2259 1109 2307 tritas
1119 2258 1167 2307 siis
1175 2258 1260 2333 aspin

161 2333 267 2391 calaorra
274 2332 340 2381 dacii
348 2333 378 2380 sd
386 2331 498 2380 Blavia
507 2329 610 2378 militam
619 2326 731 2390 prasidio
735 2325 869 2390 firmatam.
886 2325 951 2374 Nara
957 2337 1001 2384 ego
1009 2324 1076 2386 capio
1085 2323 1121 2371 ire
1131 2336 1175 2371 ras
1180 2321 1259 2397 prasi·

163 2396 208 2444 mis
218 2396 299 2446 diebu
312 2401 365 2460 post
378 2399 484 2444 sanctam
489 2393 581 2455 sestam
591 2344 726 2441 Panchaeis
760 2389 855 2437 &orus
864 2389 926 2436 caira
940 2386 1118 2451 tsrdmpspsli,
1127 2391 1152 2436 st
1161 2385 1260 2451 conpita

157 2458 244 2520 feda
230 2461 330 2524 jurgiis,
339 2462 406 2510 siden
415 2464 493 2512 araas
502 2459 565 2508 class
573 2455 670 2517 serem
684 2455 796 2517 lawa,
805 2458 829 2502 et
843 2455 934 2517 plateas
944 2453 1053 2502 carium
1062 2466 1146 2502 aem
1155 2464 1223 2501 m
1231 2448 1260 2501 st

655 2580 762 2635 NOTAE

164 2695 234 2732 rcrra
246 2683 315 2732 inter
326 2683 391 2732 duos
402 2682 487 2733 sulcos
498 2684 577 2738 elata,
588 2681 614 2729 in
626 2680 690 2729 alte·
730 2677 806 2726 aliter
816 2677 899 2741 accipi
910 2684 1007 2743 potest.
1040 2679 1099 2728 Nec
1108 2676 1261 2729 firmiorlal·

162 2772 216 2805 ram
229 2765 330 2820 partem
341 2754 493 2817 deflectere,
510 2762 538 2804 et
556 2768 605 2803 non
618 2761 692 2803 rocta
731 2755 796 2802 titur
821 2753 990 2804 fundamento
1012 2754 1081 2819 qnod
1110 2754 1261 2821 subjungit:

162 2832 206 2881 aia
216 2833 264 2881 ire.
297 2832 478 2894 Metsphorice
498 2831 593 2881 dicitur
609 2831 642 2879 de
660 2831 691 2879 iis
731 2833 843 2895 glaream
856 2831 907 2880 dici
925 2830 1049 2894 ejusmodi
1066 2845 1200 2895 aggerata,
1215 2844 1262 2896 per

163 2907 499 2972 quiavaritstesberrant.
537 2902 543 2912 '
732 2906 907 2968 antiphrasim.

196 2985 227 3030 1⁰
257 2982 383 3044 Nunquam
403 2982 452 3045 ipse
477 2986 568 3043 torques
590 2980 691 3043 αὔλακα]
765 2986 795 3030 16
812 2983 948 3032 Militares
966 2983 997 3030 nd
1018 2980 1143 3044 Blosissa]
1160 2982 1261 3043 Blavia,

163 3058 257 3109 Manet
277 3058 303 3106 in
324 3060 414 3108 eadem
432 3058 599 3121 metaphora:
621 3058 693 3118 αὔλαξ
733 3057 809 3107 hodie
824 3059 912 3122 Bloyr,
932 3057 1051 3106 militaris
1069 3056 1176 3117 dicitur,
1195 3056 1262 3122 quod

162 3135 457 3199 sulcarest,‘nonqoam
466 3140 570 3198 torquet
579 3131 691 3194 adnexas
731 3134 757 3182 in
775 3148 807 3182 ea
827 3141 899 3195 tunc,
917 3141 946 3182 ut
967 3140 994 3182 et
1014 3131 1262 3196 hodie,praesidiom

162 3208 262 3259 sulcum
289 3222 418 3274 nunquam
444 3207 518 3258 ducit
548 3208 691 3272 obliquum,
732 3218 801 3260 earet
823 3209 934 3259 militum
956 3208 1003 3258 snb
1027 3206 1168 3270 praesecto,
1184 3215 1215 3258 nt
1230 3221 1264 3257 ex

161 3299 292 3349 rinnqnarn
313 3285 447 3345 mentitur,
466 3298 596 3347 nunquam
616 3283 691 3342 fallit,
730 3284 822 3334 notitia
834 3284 934 3346 imperii
948 3291 1029 3347 patet.

162 3373 306 3424 quanquam
340 3359 478 3423 aliqnando
510 3360 578 3408 sinat
603 3359 690 3408 Musas
762 3360 777 3389 ⁶
794 3360 930 3408 Militarem
951 3361 982 3408 od
999 3356 1122 3420 Blasioni]
1142 3359 1264 3409 castrum

162 3436 265 3487 mentiri
277 3443 305 3484 et
316 3434 417 3483 fallare.
730 3435 927 3484 munitissimum
939 3436 966 3484 in
978 3436 1118 3485 Garumna
1131 3435 1188 3498 ripa
1199 3434 1264 3485 Sarr-

195 3516 226 3561 la
245 3513 314 3560 Citas
326 3510 380 3560 aeni
390 3525 464 3573 rasta,
479 3515 522 3560 ast
533 3509 597 3572 roto]
609 3509 690 3558 Scali-
731 3520 804 3562 iones
815 3518 952 3575 spectante
965 3511 1051 3567 ritum,
1063 3518 1165 3574 septem
1174 3511 1264 3560 aliar·

161 3601 208 3651 ger
219 3587 246 3636 in
259 3586 413 3636 Ausonianis
421 3586 576 3636 lectionibus
585 3585 616 3634 ad
626 3586 690 3636 hanc
731 3589 818 3651 digala
829 3589 918 3637 leucia.
934 3587 1086 3637 ‘Biavinm’
1098 3587 1266 3638 dicitanrsr·

162 3661 274 3725 Epistol.
292 3662 358 3710 Cam
376 3668 453 3724 esset,
469 3662 562 3725 inquit,
579 3661 605 3709 in
626 3662 691 3711 San·
731 3663 793 3726 pino
804 3663 837 3711 do
849 3663 931 3725 gestis
944 3663 1030 3712 Caroli
1046 3663 1138 3725 Magni
1153 3676 1213 3727 cap.
1224 3667 1266 3715 n.

163 3735 241 3797 tonis,
251 3735 277 3783 in
290 3734 482 3799 Noveropago,
493 3735 535 3784 ubi
552 3736 636 3784 villam
648 3737 690 3784 lta·
731 3739 808 3801 volgo
819 3737 906 3801 Rape.
929 3738 1073 3786 Militarem
1084 3736 1204 3800 appellat
1210 3735 1263 3789 Aa·

161 3809 251 3868 bebai,
263 3810 462 3861 invitstAsium
474 3811 584 3860 Paolum
601 3810 692 3873 Biger·
731 3814 905 3880 aonios,quod
917 3815 953 3864 ibi
965 3815 1112 3879 presidium
1131 3824 1201 3866 esset
1214 3817 1264 3865 mi-

160 3887 273 3937 silanum
285 3887 316 3936 ad
328 3902 416 3951 agrum
426 3901 508 3937 annm.
539 3886 633 3951 Itaque
647 3901 690 3935 ne·
729 3892 804 3941 litum
822 3891 1078 3941 Carronenaiumsob
1094 3891 1206 3941 Tractus
1215 3889 1264 3941 Ar-

163 3975 236 4011 cesse
256 3963 280 4011 ei
300 3963 393 4013 Blavia
410 3963 462 4013 iter
478 3962 576 4012 facere.
611 3963 692 4012 Rece-
731 3967 856 4016 moricaoi
880 3967 952 4016 ducis
975 3966 1092 4030 imperio,
1112 3964 1264 4030 Aquitania

162 4036 241 4087 dente
254 4039 321 4088 enim
333 4047 398 4089 aestu
412 4039 521 4102 Oceani,
532 4039 608 4088 tritam
616 4039 691 4089 hora-
731 4043 851 4092 secundae
863 4043 889 4091 in
899 4042 1021 4106 obsequio
1031 4041 1198 4091 continendae
1208 4057 1265 4106 grs-

161 4127 218 4162 rnm
240 4116 353 4166 secundo
378 4117 512 4166 Garumna
533 4116 634 4165 erectio
650 4122 691 4165 eat
731 4118 775 4169 tia.
808 4119 889 4167 Patet
903 4117 967 4167 illud
984 4132 1017 4166 es
1036 4116 1130 4165 notitia
1147 4115 1264 4181 inperiis

162 4190 280 4241 Elatiam
291 4193 393 4256 navigio
404 4192 536 4256 expedito.
731 4193 802 4242 ‘Sub
814 4193 981 4256 dispositione
993 4191 1040 4241 viri
1052 4190 1208 4254 spectabilia
1218 4192 1265 4241 do-

195 4272 225 4316 15
255 4267 355 4329 Giores]
379 4268 462 4317 Terra
489 4266 617 4316 calcnloas
640 4271 690 4317 ast.
731 4268 769 4317 cis
788 4267 952 4317 Armoricsni
1027 4266 1178 4319 Praesectus
1199 4269 1264 4319 miii·

158 4339 315 4392 ‘Glaresm'
327 4357 359 4391 eo
371 4350 488 4407 tempora
501 4357 548 4407 pro
559 4346 567 4371 ⁸
577 4341 690 4406 aggare'
732 4352 786 4394 tom
798 4343 997 4393 castanensium
1009 4343 1116 4393 Blavia!
1133 4345 1265 4395 Alam.

161 4428 206 4464 sen
217 4420 225 4445 ⁴
236 4417 342 4468 militari
354 4419 409 4469 aia'
421 4428 556 4484 acceptam
566 4421 690 4470 sitScsli·
764 4424 794 4469 18
811 4422 905 4481 Agrais
918 4419 1006 4481 eaor]
1024 4419 1055 4468 Iu
1075 4420 1265 4485 Novaro-paga

163 4503 218 4551 ger,
234 4498 261 4540 at
282 4494 394 4555 probare
411 4494 503 4544 aititur
521 4508 553 4543 es
571 4495 627 4544 loco
638 4495 690 4544 Ao·
731 4493 1054 4557 Santonum,aiScaligero
1066 4495 1206 4546 credimus.
1256 4507 1259 4512 ·

122 4592 127 4600 ·
162 4564 257 4623 acarini
283 4564 317 4616 de
342 4567 423 4617 Cisit.
452 4568 513 4628 Dei,
538 4568 581 4630 qui
604 4576 690 4618 tamen
763 4574 793 4622 a}
828 4570 953 4631 Gangem
978 4569 1061 4632 salso]
1089 4570 1263 4635 congregas).
