2806 5234
10 612 43 803 i

403 791 556 840 susorur
581 790 844 844 snosnssoens.
1102 781 1167 847 977

81 934 127 983 lios
151 947 246 994 sersus,
266 931 304 982 nti
327 947 372 981 nos
395 934 605 995 transposuimus.
643 935 700 983 nius
720 933 894 985 Aremorlcem
906 937 1056 987 olimfuisae
1068 938 1167 990 dictam

83 1011 116 1059 ln
135 1011 226 1071 qrribus
244 1011 301 1058 luce
317 1010 427 1059 clariora
443 1018 503 1059 snut
514 1011 608 1072 omnis,
644 1025 700 1058 eam
712 1010 858 1074 Aquitaniae
868 1017 975 1075 partem,
991 1029 1046 1077 quse
1057 1014 1167 1065 Garum·

84 1100 142 1149 qnae
154 1092 214 1133 ante
223 1085 342 1146 obscura,
354 1085 472 1141 distorta,
484 1084 608 1149 depreva-
644 1099 701 1134 nam
713 1081 827 1148 flurium,
842 1091 868 1134 et
887 1085 1039 1149 Pyrenaeum
1054 1097 1167 1141 montem

84 1169 112 1209 ta
123 1159 284 1222 legebantur.
300 1161 416 1222 Scaliger.
646 1161 801 1223 interjacet:
818 1161 864 1209 aed
886 1162 973 1211 Cesar
988 1168 1167 1217 commentario

116 1235 219 1284 llt'urse
230 1240 256 1282 ut
268 1235 389 1298 quemque]
409 1235 450 1284 Au
461 1242 490 1284 ut
501 1234 609 1298 elegiaci
645 1237 755 1299 septimo
773 1237 891 1286 civitates
917 1236 1009 1287 Galliae
1037 1238 1168 1292 Oceanum

31 1360 36 1367 ,
84 1309 148 1357 meri
165 1309 269 1372 legendi
284 1311 608 1373 siutbirerans‚anrero,
646 1311 816 1375 attingentes,
834 1311 967 1362 Gallorum
986 1315 1169 1366 consuetudins

85 1390 114 1432 ut
126 1398 201 1442 nunc,
212 1385 342 1446 disjuncti,
353 1384 384 1433 ad
395 1386 503 1448 gratiam
515 1384 609 1433 fortes·
646 1387 791 1436 Armoricss
799 1401 857 1436 essc
869 1388 1014 1452 appellatas
1025 1389 1125 1438 scribit:
1143 1392 1170 1441 in

84 1461 118 1508 sla
128 1461 233 1524 aliquid,
242 1461 274 1509 ad
294 1477 346 1510 rem
363 1462 423 1511 nibil
441 1460 527 1511 faeere
543 1461 609 1510 arbi·
645 1463 737 1526 quibus
748 1464 924 1521 Coriosolites,
936 1464 1066 1526 Redones,
1077 1465 1171 1515 Osissi.

85 1546 146 1588 tros.
181 1541 292 1589 &natus
305 1549 450 1591 tamensum
460 1543 485 1591 in
494 1541 610 1592 ordinem
647 1554 702 1601 nos,
713 1540 847 1602 leonices,
863 1546 890 1589 et
903 1540 968 1590 alios
978 1541 1107 1590 nominet:
1129 1542 1172 1605 qni

85 1615 223 1679 redigere:
241 1617 286 1665 scd
298 1632 355 1666 cum
363 1619 418 1681 jam
436 1619 461 1667 in
473 1632 505 1667 eo
518 1632 610 1680 essem,
647 1620 745 1663 tractus
767 1621 794 1663 et
815 1615 969 1677 Bajocasses
990 1615 1078 1677 babet,
1098 1616 1171 1679 nppi·

86 1698 115 1739 nt
138 1690 270 1740 industriae
297 1707 441 1742 successum
463 1693 609 1743 adfuturum
646 1687 766 1753 dumque,
778 1691 846 1752 qnod
864 1705 880 1739 e
899 1690 1006 1739 Druidis
1018 1706 1111 1740 nomen
1126 1691 1170 1740 ad·

85 1779 224 1828 sperarem,
236 1768 310 1824 alter,
328 1776 355 1817 et
371 1770 433 1818 item
445 1770 510 1818 alter
521 1784 613 1828 versus
647 1765 696 1814 buc
708 1766 842 1815 retinuisse
853 1767 1075 1831 creditur,l)resae·
1094 1769 1171 1816 Vine-

86 1839 216 1889 obstebat.
250 1843 611 1907 Elegiacosmeroareperiss
647 1849 696 1890 tns.
792 1837 800 1843 ⁵

87 1916 154 1978 apud
174 1917 241 1964 bunc
273 1918 407 1979 Nostrum,
434 1918 613 1979 Heliodorum,
678 1921 710 1965 25
730 1919 790 1967 Noti
799 1933 869 1981 opera
879 1918 993 1981 obtinuit]
1019 1921 1172 1984 Filiusergo

87 1989 180 2040 AElium
202 1992 384 2055 Lampridium,
394 1994 551 2043 Martianum
563 1994 613 2043 Ca·
648 1991 1172 2057 Paters,etpateeroebicius,persgri·

86 2066 190 2128 pellam,
202 2067 348 2131 Boethium,
360 2067 537 2132 nutationes.
648 2066 674 2114 ni
685 2067 809 2128 homines,
825 2068 925 2117 litteras
942 2077 1002 2118 snut
1023 2068 1171 2132 Burdigalac

121 2144 151 2190 lt
169 2142 322 2205 Permoaeot]
339 2144 397 2193 Hoc
414 2146 482 2194 rult:
500 2145 559 2207 qnia
570 2158 612 2194 eo·
649 2137 766 2204 professi,
783 2141 828 2189 sed
844 2149 920 2204 pater
931 2145 1069 2204 posterior,
1082 2144 1173 2206 etjam

88 2229 145 2264 rum
157 2217 252 2265 nullum
265 2225 305 2266 eat
317 2220 443 2279 meritum,
455 2232 537 2282 neque
549 2219 612 2269 alins
649 2231 738 2280 senex,
754 2216 800 2266 filii
816 2231 896 2282 opere
912 2220 1049 2285 studioque
1066 2222 1173 2271 accitus.

88 2291 139 2340 elio
153 2299 268 2356 prestat,
278 2307 306 2342 se
316 2302 463 2344 secuturum
475 2295 576 2357 seriem,
587 2303 615 2345 et
650 2296 724 2346 Idem.

88 2370 260 2420 successiones
282 2386 380 2433 eornm,
408 2381 487 2437 atque
515 2379 613 2423 etates.
680 2378 711 2423 st
729 2373 831 2438 Susura]
859 2375 1173 2428 Quodinreterecodiee

89 2445 204 2508 Scaliger.
649 2449 800 2511 invenimus,
829 2451 895 2500 bona
921 2451 972 2501 tide
1000 2453 1173 2502 reddidimus:

121 2527 151 2572 lt
168 2523 266 2572 Sobrius
286 2525 313 2573 ira
333 2526 412 2586 pueris
430 2527 463 2573 Et
478 2523 614 2587 puerorum]
650 2525 777 2589 nisiquod
790 2525 836 2586 ibi,
848 2541 898 2575 non
912 2528 1042 2588 progenies,
1057 2525 1103 2575 sed
1122 2541 1176 2588 pro·

89 2597 211 2647 Habebat
223 2599 305 2647 codex
317 2601 359 2648 ille
371 2600 549 2662 Lugdunensis
561 2600 614 2648 uni·
648 2601 752 2662 geriem,
763 2614 899 2663 perperam
914 2600 1058 2663 legebatur.
1090 2601 1174 2651 Mani·

89 2686 121 2720 co
140 2687 224 2732 versu,
245 2674 342 2723 Sobrius
360 2680 383 2723 et
396 2691 537 2738 morem:
552 2690 615 2739 qno·
651 2673 719 2724 sesto
731 2675 1175 2739 ridemussncnronemnomanper-

89 2747 166 2797 modo
178 2748 315 2812 legendnm
329 2766 386 2799 esse
398 2753 464 2800 ratio
477 2751 614 2800 convincit.
651 2751 766 2812 egrinnus
789 2758 817 2801 et
839 2751 943 2813 servile,
967 2750 1034 2815 qnod
1053 2751 1176 2800 conrenit

91 2823 158 2873 Nasu
179 2840 237 2889 quse
261 2834 379 2890 superest
400 2827 499 2890 syllaba
519 2829 544 2875 in
568 2828 615 2877 boe
651 2823 711 2873 hnic
728 2823 913 2885 Grammatico,
932 2841 1008 2890 quem
1026 2827 1062 2876 ait
1078 2826 1176 2876 liberti·

89 2915 165 2950 uersu
174 2902 418 2965 hypercatalectico,
428 2905 453 2952 in
463 2911 614 2967 sequentem
650 2913 691 2948 nse
703 2900 856 2949 conditionis
865 2900 952 2951 t’nisse.
969 2901 1087 2963 Scaliger.

89 2975 231 3038 rejicienda
262 2984 312 3037 est,
342 2985 371 3026 ut
391 2979 441 3026 sit:
470 2977 569 3026 Sobrius
590 2982 613 3024 et
681 2977 713 3021 ss
731 2974 824 3036 Pange]
840 2975 1004 3024 correximus
1017 2978 1101 3027 secuti
1118 2992 1174 3026 rea·

88 3050 235 3110 pano-lium
243 3051 427 3109 atdbingeaiis.
447 3051 537 3099 Habet
548 3048 615 3098 Nos·
650 3047 714 3109 tigia
737 3048 850 3108 ejrsadem
875 3050 970 3097 veteris
988 3050 1055 3109 libri,
1075 3052 1100 3097 in
1124 3067 1175 3112 qno

93 3133 133 3172 ter
159 3130 277 3172 auctores
302 3137 369 3184 auos,
403 3137 466 3186 quos
494 3130 615 3186 sequutus
652 3122 731 3169 Parce
748 3119 872 3180 scriptum
890 3127 956 3166 erat.
989 3121 1073 3168 Quam
1095 3136 1176 3183 serpe,

93 3205 142 3248 eat.
654 3197 685 3256 c,
717 3209 763 3258 pro
788 3192 824 3252 G,
852 3199 954 3240 soteres
980 3191 1076 3240 librarii
1102 3208 1177 3256 porn-

125 3278 157 3324 lo
174 3275 270 3324 Credita
280 3274 402 3338 puerities]
421 3275 553 3326 Secundus
565 3290 617 3326 sns-
653 3271 730 3328 erint,
749 3266 826 3316 fidem
855 3263 968 3314 feceriut
997 3265 1041 3314 illa
1067 3267 1177 3318 ‘subici-

93 3350 127 3400 tri
144 3351 220 3414 anna
238 3351 393 3414 pespnerisi,
408 3351 617 3415 proceleusmart.
654 3345 730 3404 tare‚'
751 3343 885 3402 ‘inicere,'
908 3354 956 3404 pro
977 3340 1126 3404 subigitare,
1148 3352 1176 3393 et

65 3474 69 3485 ,
93 3442 137 3477 cns
149 3441 195 3490 pro
213 3428 326 3490 dactylo,
341 3443 357 3477 a
373 3427 476 3490 dactylo
494 3425 618 3476 differens
655 3415 909 3483 inigere,etinfinita
917 3413 987 3464 talia.
1005 3414 1079 3464 Idem.

92 3502 247 3564 syllabarum
275 3517 389 3566 numero,
420 3518 469 3553 non
493 3511 620 3568 ternpore.
686 3501 719 3546 tu
737 3497 769 3544 lit
779 3507 881 3543 memora
891 3491 993 3554 teneras]
1009 3494 1119 3543 Carmen
1129 3496 1177 3547 boe

99 3577 205 3628 Virrius.
655 3572 766 3621 habebat
778 3566 908 3633 proprium
917 3567 1178 3626 drotumsnuomo

128 3656 158 3701 lt
178 3653 278 3702 Nimiae
287 3653 441 3719 Planasiam]
456 3657 539 3718 1330:
552 3655 620 3703 ΡΜ.
655 3646 808 3695 salmuro
826 3642 1017 3692 omnimo
1029 3640 1178 3694 Prcrsrro-

95 3727 194 3777 bediens
228 3727 287 3778 linc
309 3730 410 3779 nomine
437 3729 528 3779 etalii
552 3728 620 3778 Galli
656 3737 725 3773 anu.
742 3729 770 3772 et
787 3720 879 3769 mirum
896 3717 922 3767 ni
937 3716 1115 3780 perseiusait
1137 3718 1179 3768 Vi-

95 3801 209 3866 fnemnt,
220 3813 249 3853 ut
257 3803 300 3853 llle
309 3803 462 3867 Aginnensis
473 3804 620 3868 episcopua,
656 3807 733 3851 aetus.

96 3877 139 3940 qul
155 3878 379 3930 contraArrisnoa
389 3880 531 3943 Epistulam
542 3878 620 3941 scrip·
689 3879 720 3926 id
737 3869 1181 3936 BardigsiaegeuiitthRetl⁰⁸¹stl¹⁸r·

95 3951 137 4002 sit.
153 3952 302 4003 'Pboebitii’
322 3969 384 4005 sero
395 3969 486 4004 nomen
498 3968 621 4017 nusquam
658 3951 773 4010 ticnlam,
788 3963 864 4014 qnam
880 3955 954 3996 setus
966 3945 1031 3995 liber
1042 3945 1181 4006 inserebat,

47 4028 52 4043 ’
96 4027 214 4089 recurrit,
223 4027 267 4077 aed
277 4029 303 4077 in
312 4028 621 4092 inscriptionibns‘l’lroe-
658 4025 798 4085 burdigalae
816 4024 876 4071 baar
890 4021 1005 4083 genitum.
1038 4021 1101 4069 Erat
1112 4019 1180 4069 idem

96 4101 131 4151 bi’
143 4102 348 4155 et‘Pnoebnnt!
367 4104 484 4153 Grecias
657 4099 757 4149 duobus
775 4098 888 4147 versibus
905 4095 1013 4157 auctior,
1029 4096 1063 4142 Et
1081 4109 1182 4144 merrom

129 4178 161 4224 st
178 4176 225 4224 Sed
249 4183 335 4239 tomen,
359 4184 385 4228 st
411 4178 536 4242 placitum]
561 4178 621 4229 Non
658 4184 751 4228 teroem
772 4176 859 4226 Noersio
884 4171 1078 4222 Grumrsatieum.
1110 4173 1181 4223 Quos

98 4249 155 4302 sine
166 4265 256 4299 caussa
275 4252 383 4313 addidit,
401 4255 462 4318 quia
479 4268 529 4304 non
541 4255 621 4303 omni·
659 4267 704 4303 cnr
723 4252 839 4314 Scaliger
858 4246 1011 4298 correctoris
1028 4243 1181 4307 Lugdunen-

98 4325 146 4375 bus
165 4327 288 4375 credibile
308 4328 451 4378 ridebatur·
484 4331 571 4381 Quare
581 4345 622 4379 sn·
659 4329 694 4378 sis
714 4326 860 4378 subdititios
883 4338 940 4374 esse
962 4321 1066 4383 dixerit,
1088 4323 1182 4371 nullam

99 4400 187 4465 perine
206 4401 274 4448 idem
290 4411 341 4462 est,
361 4405 428 4467 quod
440 4405 473 4454 ds
491 4404 581 4453 eadem
594 4417 622 4452 re
655 4404 750 4467 justam
767 4414 882 4451 caussam
899 4397 1004 4447 babuit:
1025 4410 1102 4460 quum
1113 4398 1181 4446 eninr

99 4474 183 4524 dixit:
200 4475 244 4523 ‘Si
257 4465 324 4524 tami
343 4490 393 4525 non
413 4477 584 4541 fautricem:
596 4478 622 4526 in
660 4478 754 4526 diserte
766 4478 792 4525 in
802 4483 905 4527 vetusto
920 4473 963 4521 illo
975 4472 1074 4535 codice,
1084 4481 1112 4522 et
1122 4480 1183 4523 ente

100 4551 190 4615 Elogio
201 4551 268 4600 Attii
279 4553 392 4602 Paterae·
412 4554 526 4618 Scaliger.
562 4587 565 4592 f
660 4554 726 4602 hunc
738 4567 835 4601 versum
846 4552 972 4613 legantur,
983 4561 1027 4597 suo
1036 4548 1183 4613 quidemst

107 4668 111 4675 ,
132 4627 163 4675 2⁸
183 4626 268 4676 Gestis
286 4628 440 4695 Aremorica]
461 4630 558 4682 Scribit
569 4628 622 4678 Pli·
662 4642 703 4677 rea
714 4626 770 4692 ipsa
781 4625 867 4691 docet,
883 4626 956 4685 loco,
979 4638 1068 4691 quere,
1086 4639 1184 4688 quaeso,

164 4705 426 4770 vennensem.
600 4707 688 4759 Aaron
1017 4712 1021 4723 ·
1063 4705 1119 4755 ³0
