2806 5234
398 760 552 807 susurris
576 762 722 810 cunnus
749 764 879 813 unens.
1095 751 1180 815 lune

95 900 214 959 allionis,
223 913 297 963 quem
310 900 430 962 diximus,
436 912 512 950 estre
520 901 620 960 urbem,
657 901 705 950 dus
716 901 772 964 ipss
783 916 833 952 non
845 905 942 968 espist,
956 907 1120 969 presideret.
1152 908 1180 956 et

95 977 159 1040 lepis
178 977 332 1041 inscriptus:
355 979 429 1040 cujus
447 978 619 1040 hesctiptionis
657 977 714 1040 quis
726 984 822 1040 sutem,
836 979 1144 1044 ‘Terrigenispstrilsun’
1156 984 1182 1033 in

94 1053 159 1101 hene
178 1053 261 1101 solnm
278 1061 435 1115 postremsm
458 1061 559 1116 portem
577 1068 620 1102 ex·
657 1051 853 1102 Atheniensium
875 1056 993 1117 pretinm,
1012 1058 1183 1121 interpreten-

95 1130 246 1189 cerpsimus,
268 1143 345 1192 quum
367 1135 449 1178 totsm
472 1131 559 1191 legere
576 1142 620 1178 ne·
657 1127 718 1177 dum
736 1127 910 1194 putet,(quod
927 1131 1010 1180 minus
1021 1135 1084 1183 sstls
1097 1133 1182 1198 sucin)

95 1203 237 1267 quiremus:
248 1205 529 1259 Csessilostsstnovs.
538 1218 620 1254 renuo·
658 1215 755 1271 presto
766 1215 825 1257 snst
836 1209 914 1258 Pisto
925 1208 951 1257 in
962 1210 1122 1270 Menoeceo,
1132 1214 1184 1262 Ln-

93 1291 222 1328 rssnuvn.
234 1280 490 1331 Benene-Arnen.
514 1282 589 1331 luen.
659 1284 746 1333 cisnns
767 1285 793 1333 ln
812 1284 996 1348 Philopsentle,
1010 1285 1079 1337 Just.
1096 1274 1140 1338 iti.
1151 1303 1184 1340 tt.

82 1419 87 1429 ρ
130 1357 247 1408 Notus.
282 1360 422 1409 thscet
438 1361 622 1421 terrigenum·
660 1359 1139 1424 CemorinssdeNstslillie,Apulel.
1158 1365 1185 1414 is

96 1431 220 1494 morensis]
232 1434 372 1496 Legituret
383 1436 531 1499 Troiugenis.
557 1437 623 1488 Qun
660 1435 796 1484 Metsmor.
806 1436 936 1500 Josephns
948 1437 981 1486 de
989 1435 1079 1500 Antiq.
1090 1433 1186 1488 terrem

96 1507 167 1568 prior
178 1508 267 1570 lectio,
276 1510 321 1558 sed
334 1512 426 1573 sltem,
435 1525 484 1560 non
498 1512 552 1560 sins
564 1525 624 1573 qus·
660 1511 729 1560 enim
751 1510 864 1561 Attlostn
887 1512 1015 1561 hominem
1037 1513 1121 1576 primo
1143 1527 1186 1576 ge·

95 1583 155 1630 dem
168 1585 285 1644 gratiola,
302 1588 441 1647 remotior;
457 1587 512 1635 else
529 1585 561 1635 sd
575 1586 623 1635 ito·
660 1588 745 1637 unisse
756 1589 892 1638 commenti
905 1597 975 1652 sunt,
991 1604 1075 1654 neque
1092 1604 1125 1639 ex
1142 1591 1187 1639 sd·

97 1675 194 1721 menos,
211 1662 266 1710 sire
284 1663 318 1711 sd
337 1663 509 1713 Athenienses
526 1660 623 1711 refers-
662 1663 769 1712 sentitis
791 1665 934 1729 passimque
964 1666 1075 1714 collecte
1098 1666 1188 1729 popnll

97 1741 147 1783 ter.
180 1736 367 1786 Conststenim
381 1739 506 1787 Romsnos
527 1752 542 1786 ι
560 1738 624 1787 Tro·
660 1741 778 1801 colluvie,
794 1739 839 1790 sed
860 1741 1004 1804 terrigenis
1016 1739 1188 1789 Athenienses

93 1812 175 1874 jsnis,
187 1814 256 1863 tsnds
267 1829 347 1876 genus
360 1815 490 1876 (luserint,
501 1812 624 1879 Tranqe·
661 1828 727 1874 esse,
742 1829 838 1879 eosque
851 1814 1045 1865 Autoclstltonns
1062 1815 1186 1866 nocituri:

97 1900 144 1934 uss
155 1896 325 1950 ntrucnpntos.
358 1889 404 1939 liti
420 1891 624 1941 celsiniensis
660 1890 685 1938 in
696 1891 769 1952 cnjus
781 1889 887 1953 originis
900 1898 1087 1953 argumentum,
1104 1892 1188 1954 pstris

97 1975 148 2010 non
161 1964 240 2011 semel
251 1963 355 2025 dieitur,
368 1971 394 2014 et
409 1966 481 2025 Silio,
492 1966 623 2030 quletism
661 1966 854 2022 consuetudine,
870 1965 974 2016 cicedss
991 1966 1018 2014 ln
1035 1966 1127 2015 serlesu
1145 1981 1189 2015 su·

99 2050 166 2085 nunc
178 2040 185 2064 ‘
195 2037 358 2098 Dsrdsnios,'
369 2055 435 2088 nnnc
445 2041 453 2068 ⁴
462 2041 624 2090 Leomedon—
661 2053 720 2088 ress
731 2041 818 2103 cupite
829 2040 969 2101 gestebsnt.
997 2041 1074 2092 Quod
1084 2042 1189 2091 et'l'lts·

99 2111 203 2172 tiedss,’
220 2121 246 2161 et
263 2114 455 2173 ‘Teucros‚'et
471 2115 624 2178 ‘Trojsnos’
661 2115 749 2177 cydid.
770 2116 856 2178 tetigit
875 2116 945 2164 inter
964 2117 1049 2179 operis
1067 2115 1138 2165 initis
1160 2123 1189 2166 et

98 2189 223 2248 appellet.
255 2188 307 2237 Sed
320 2191 388 2252 quod
397 2191 625 2255 ed‘Terrigcnss'
662 2191 887 2255 Virg.qnoqrsein
902 2191 971 2241 ctrt:
988 2192 1072 2240 ‘ttttu
1083 2193 1190 2254 Mopso.

99 2264 204 2323 attinet,
220 2265 309 2313 Livius
329 2266 395 2316 lilsro
415 2267 498 2330 primo
516 2268 554 2317 sie
570 2267 623 2317 sit:
663 2266 706 2327 pio
728 2266 806 2316 tereti
826 2267 948 2316 nectebat
970 2266 1048 2317 dente
1070 2266 1188 2317 cicsde!

99 2340 108 2361 ⁸
122 2336 161 2385 Ne
172 2351 237 2386 rens
249 2340 317 2388 urbis
330 2342 476 2402 megnitndo
487 2350 566 2403 esset,
581 2342 625 2391 sd·
662 2339 694 2389 id
706 2348 791 2390 entem
805 2341 960 2391 insectorum
971 2356 1051 2404 pense
1061 2342 1188 2406 quomodo

96 2411 220 2474 jiciendn
243 2415 413 2465 multitudinis
434 2430 511 2466 csnss
530 2417 625 2479 (reteri
662 2431 677 2466 e
699 2424 770 2466 terre
788 2418 932 2479 proveniet,
948 2425 1044 2480 prester
1062 2414 1190 2466 Aristote-

99 2486 206 2536 oonsilio
227 2489 392 2538 corruentium
415 2493 500 2550 orites,
517 2491 559 2556 qni
580 2491 625 2541 ob·
663 2491 713 2540 lem
730 2492 809 2540 Pluto
832 2496 999 2540 trsnseunter
1023 2491 1191 2554 breviterque

100 2574 200 2611 scutrum
212 2571 290 2626 stqne
302 2565 420 2614 immilem
432 2566 574 2617 conciendo
592 2567 625 2616 sd
663 2567 691 2614 in
708 2564 843 2629 Symposio
863 2565 969 2615 indicet.
1001 2567 1009 2594 ⁸
1026 2566 1059 2615 ln
1075 2562 1190 2625 terrem,'

100 2651 128 2686 se
140 2638 342 2698 multitudinem,
358 2648 443 2690 ostem
460 2657 474 2690 e
491 2648 562 2692 terre
578 2643 627 2693 sibl
664 2641 758 2704 inquit,
774 2642 945 2704 ‘spargentes
964 2639 1071 2702 semine,
1090 2640 1190 2690 ciosds·

101 2714 199 2774 prolem
230 2715 435 2779 mentiebsntur)
463 2717 558 2779 locum,
582 2718 627 2781 qni
665 2730 720 2765 rum
738 2716 827 2776 instar,
843 2714 1026 2778 concipiebsnt
1041 2723 1120 2780 etque
1147 2729 1191 2781 qe·

101 2802 170 2836 nuuc
191 2795 283 2852 septus
305 2791 392 2840 densis
414 2792 542 2854 sentibus,
558 2792 628 2842 inter
664 2790 809 2842 nersbsut!
824 2791 960 2840 Amatne.

102 2864 165 2912 dnos
185 2865 255 2913 lucos
275 2873 326 2926 est,
342 2867 440 2930 stylum
460 2867 555 2932 sperit.
589 2869 628 2916 Eo
700 2867 835 2927 imonis
860 2864 980 2930 petrides]
1007 2864 1191 2916 eonditorions

100 2953 134 2988 es
145 2938 261 2988 finitimis
273 2942 373 3003 populis
383 2944 459 2990 toros
470 2942 561 3000 omnis,
572 2941 628 2990 siue
666 2948 743 2990 terre
765 2941 834 2991 filiis.
867 2942 980 3005 Cecrops
996 2942 1064 2991 enim
1083 2942 1192 2990 anossi

102 3013 248 3062 discrimine
276 3015 342 3062 liber
372 3029 404 3062 sn
434 3028 524 3063 sersus
552 3022 629 3076 esset,
665 3022 694 3064 et
703 3017 790 3065 Terre
808 3016 885 3074 tilios,
899 3024 1004 3066 sectore
1017 3016 1133 3081 Hygino,
1145 3032 1192 3081 op·

102 3089 177 3137 ovida
193 3102 313 3137 nurerum
333 3102 418 3136 rernm
431 3087 553 3151 perfugit.
585 3088 629 3139 ld·
666 3086 756 3149 pidem
789 3086 943 3147 Cecropiam
973 3087 1105 3137 condidit:
1132 3102 1191 3152 qun

102 3178 153 3228 qne
171 3165 281 3227 primurn
297 3163 329 3210 sd
348 3170 459 3226 eoeptsm
474 3163 629 3226 msgnitudl·
667 3163 828 3214 Athenarum
840 3160 940 3210 tendens
952 3175 999 3209 srs
1015 3168 1115 3210 tentum
1134 3161 1193 3225 snit,

103 3253 161 3287 nem
173 3239 273 3288 roboris
289 3237 357 3288 fnit!
392 3238 461 3287 Hine
476 3246 504 3288 et
521 3253 538 3287 s
553 3239 630 3288 Floro
667 3246 696 3288 nt
706 3236 799 3287 scribit
812 3236 911 3286 Plinius
921 3237 987 3286 libro
997 3236 1116 3299 septimo.
1141 3237 1193 3287 iiic

103 3313 201 3363 dictnm
214 3313 317 3378 eldetur
334 3315 359 3362 in
379 3314 461 3376 primo
473 3313 541 3364 bello
552 3313 630 3363 Puni·
669 3322 753 3363 temen
761 3313 828 3361 sdse
839 3312 940 3361 verisnt
951 3318 1078 3372 suctores,
1088 3318 1118 3361 ut
1127 3311 1194 3362 silit·

104 3403 152 3438 eo:
169 3392 177 3419 ⁴
192 3390 240 3438 ille
253 3389 334 3449 rudis,
350 3388 393 3438 ille
412 3389 539 3451 pastorius
550 3403 632 3452 popu·
667 3403 739 3439 mere
749 3402 799 3438 non
811 3387 935 3450 dubitent,
950 3401 993 3436 eos
1009 3401 1111 3450 prorsus
1121 3388 1194 3451 igno·

103 3465 153 3525 lus,
162 3478 276 3528 vereque
286 3462 428 3514 terrester!
452 3464 545 3527 Neque
553 3465 632 3513 etism
668 3478 748 3524 resse,
763 3462 865 3527 quinem
877 3462 951 3524 primi
962 3460 1122 3511 Atinensium
1132 3476 1193 3512 eon·
1280 3506 1286 3517 ,

104 3557 159 3593 sum
172 3541 284 3601 nescius,
301 3548 379 3590 terrm
398 3538 464 3589 filios
475 3539 563 3588 heberi
574 3540 632 3589 soli·
668 3539 766 3588 ditores
775 3536 889 3586 inerunt.
910 3536 1017 3588 Vinctus.

106 3624 146 3664 tos
164 3616 313 3679 ignobilem
330 3624 358 3665 et
374 3630 482 3679 quornm
498 3615 568 3677 oripo
587 3628 631 3664 ue·
701 3613 772 3662 Nunc
789 3615 813 3662 et
832 3609 970 3672 wrisesis]
986 3611 1079 3661 Mellet
1095 3613 1193 3661 Turne·

105 3693 224 3741 sciretur.
246 3691 278 3740 In
289 3707 365 3755 quem
381 3700 466 3740 temen
478 3691 633 3741 sententium
668 3688 725 3745 bus.
747 3687 815 3736 Nesse
833 3686 994 3748 almigenis.
1025 3686 1078 3736 Sed
1093 3697 1193 3737 mutere

106 3767 202 3817 dictum
224 3767 256 3816 sb
279 3766 374 3816 Ovidio
402 3781 452 3815 non
481 3766 634 3828 ptstseerim,
669 3770 855 3826 nonopusest.
877 3762 947 3816 Quin
961 3761 1193 3825 potiuscorn.Ne·

105 3845 173 3908 quod
183 3843 225 3892 eiii
235 3842 375 3903 tredidete,
385 3844 393 3871 ⁴
402 3842 526 3905 anpiter
537 3855 552 3889 e
563 3848 635 3890 terte
671 3855 717 3902 pos
732 3840 816 3902 glosss
833 3837 958 3888 liberetur
975 3838 1001 3887 in
1019 3837 1103 3887 Attici
1115 3837 1193 3887 Vite:

107 3922 220 3982 genitum
232 3919 365 3980 mentiens,
386 3924 414 3966 ut
426 3918 516 3966 suthon
527 3915 637 3964 Desinet
669 3919 677 3946 ⁴
690 3917 848 3980 Pomponius
859 3916 962 3966 Atticus
973 3916 1005 3965 so
1016 3915 1115 3978 origine
1134 3915 1194 3964 nlti-

107 3997 220 4062 inqnirl!
254 3997 347 4058 Neque
358 3994 424 4043 enim
445 4008 492 4057 psr
508 4000 574 4066 esst,
588 3991 633 4042 Jo-
670 4008 712 4043 ms
722 3993 810 4054 stirpis
826 3993 948 4042 Romenn
961 3990 1120 4054 generetusz’
1135 3989 1194 4041 dels

109 4088 166 4122 vem
187 4074 270 4136 ipsum
287 4073 418 4132 ignorare,
434 4069 525 4132 quibos
542 4067 572 4117 lii
591 4081 635 4129 ps·
671 4084 729 4119 cnm
752 4069 883 4129 lambino,
908 4067 937 4116 ri
965 4072 1099 4129 quernus,
1124 4065 1194 4130 quod

109 4147 381 4199 teutibnsortsforet.
414 4147 483 4198 Quin
505 4158 561 4194 esen
582 4150 634 4192 tet·
672 4144 777 4194 doctiss.
803 4145 870 4192 siros
886 4150 937 4193 tem
957 4141 1051 4192 frustm
1069 4141 1196 4193 eseteuil.

108 4239 143 4274 ω
156 4238 261 4287 prorsus
271 4222 406 4286 genuinum
416 4220 489 4270 credi
500 4234 515 4268 s
527 4233 636 4282 morose,
672 4223 737 4271 Eret
747 4218 851 4269 Atticos
868 4219 956 4283 stirpis
967 4219 1088 4268 Roments
1101 4218 1134 4268 eb
1144 4218 1195 4269 ori·

109 4301 350 4363 iotportuns,etqne
361 4295 636 4347 incommodsiunone
672 4297 734 4360 gine
752 4296 852 4357 ultime,
867 4294 892 4344 id
913 4303 964 4356 est,
980 4294 1013 4344 sb
1033 4294 1089 4356 ipso
1110 4294 1195 4357 gentis

110 4376 208 4436 soluit3
233 4383 263 4423 ut
284 4387 396 4433 omnem,
416 4373 438 4420 si
460 4370 516 4420 fieri
539 4378 636 4433 posset,
673 4371 970 4434 primordiosliumsnis
988 4368 1112 4419 oriundus
1130 4375 1196 4419 eret.

111 4452 218 4502 ulterius
227 4448 353 4512 gsrrlenrli
362 4447 575 4511 obtundendiqee
584 4462 637 4497 ms·
673 4447 782 4508 Eidem,
792 4445 907 4509 elliptiee
921 4459 1024 4509 nempe,
1038 4445 1196 4497 constructio

110 4528 201 4577 terium
213 4531 421 4590 perscrutatore,
439 4538 494 4586 pree
509 4524 637 4588 neiotypis
673 4530 724 4584 ost,
756 4521 789 4570 de
818 4535 869 4583 que
895 4528 976 4583 ceput
999 4528 1041 4572 est
1067 4520 1196 4586 singultus

110 4603 280 4666 muliebrique
289 4599 402 4663 ingenio,
410 4598 488 4649 etlsm
496 4614 553 4664 qne
563 4600 639 4653 lion·
674 4596 764 4660 Gellii,
779 4593 1004 4655 octsvnmlibrir.
