2850 5256
160 761 225 829 796
628 771 781 822 ausona

160 916 462 999 Agamemnonem:
488 916 696 991 Occiderem,
712 917 828 998 inquit,
852 916 959 992 illum,
980 916 1039 1000 qui
1054 935 1110 980 mo
1125 916 1253 980 tertium

160 1019 374 1083 nominasset
416 1020 471 1082 60.
494 1020 525 1084 0
541 1019 848 1101 magnanimitatem
869 1019 1043 1082 fortissimi
1061 1018 1144 1081 viri!
1189 1016 1255 1081 No·

160 1120 277 1183 minari
307 1121 393 1183 inter
417 1140 535 1184 novem
559 1121 677 1184 tertius
702 1120 905 1197 recusabat3
929 1119 986 1181 ubi
1001 1125 1093 1182 corte
1108 1120 1257 1200 pluribus

162 1221 388 1297 antecelleret,
416 1241 516 1304 quam
545 1223 711 1286 subesset.
756 1218 890 1298 Quanta
902 1220 956 1285 bic
970 1220 1176 1284 verecundia
1189 1238 1259 1303 gra·

162 1330 295 1386 veretur
309 1324 476 1406 posterior
489 1323 531 1387 de
551 1323 704 1387 duobusl
749 1322 813 1385 Est
826 1322 913 1385 enim
927 1322 962 1385 in
976 1322 1042 1385 hoc
1057 1340 1195 1386 numero
1209 1341 1260 1386 ar·

162 1422 237 1487 duae
261 1422 362 1504 plena
378 1423 582 1504 dignationis
598 1423 741 1487 electio.⁷
786 1421 869 1485 Cum
888 1423 1051 1486 universis
1067 1422 1261 1487 mortalibus

163 1525 246 1598 duo,
268 1525 326 1607 qui
349 1523 433 1587 fiant
454 1523 626 1601 Consules,
650 1523 880 1607 praeferuntur,
903 1524 961 1605 qui
976 1524 1072 1586 alteri
1088 1522 1259 1605 praeponi·

164 1632 230 1704 tur,
249 1645 315 1689 non
329 1627 399 1702 uni,
416 1626 473 1689 sed
488 1628 644 1690 omnibus
659 1625 848 1691 antefertur.
892 1625 947 1688 61.
971 1624 1164 1706 Expectare
1177 1642 1262 1687 nunc

165 1746 261 1791 aures
276 1728 494 1810 praesentium
510 1729 593 1805 scio,
615 1733 649 1792 et
662 1728 808 1791 eminere
823 1728 856 1789 in
871 1727 1016 1789 omnium
1031 1726 1125 1789 vultu
1142 1725 1262 1789 intelli·

165 1846 220 1910 go,
250 1826 350 1910 quid⁸
380 1828 544 1893 desiderio
573 1831 780 1912 concipiatur
806 1829 1002 1892 animorum.
1056 1825 1264 1890 Existimant

166 1930 253 1992 euim
268 1948 345 1992 cum
359 1948 411 2005 ea,
435 1950 509 2012 quse
524 1931 566 1994 ad
583 1937 694 2011 grates
710 1928 856 2011 agendas
872 1927 1099 2011 pertinebant,
1116 1944 1264 1990 summa·

166 2030 224 2093 tim
239 2032 384 2095 tenuiore
398 2031 465 2107 filo,
486 2037 524 2095 ut
549 2032 683 2107 dicitur,
706 2030 851 2095 deducta
872 2027 1060 2105 libaverim,
1083 2027 1200 2110 aliqua
1212 2045 1264 2090 me

167 2131 269 2195 etiam
298 2131 339 2195 de
372 2130 561 2214 majestatis
590 2139 658 2198 tuse
699 2131 855 2195 laudibus
884 2129 1005 2193 debore
1035 2129 1263 2212 perstringere.

167 2233 220 2297 6⁸2.
244 2230 446 2316 Quanquam
461 2253 515 2296 me
534 2234 633 2296 istam
658 2232 800 2296 dixerim
816 2228 1008 2314 seposuisse
1021 2229 1208 2305 materiam,
1229 2234 1264 2292 et

167 2333 203 2396 in
231 2341 366 2416 tempus
396 2333 489 2397 aliud
511 2353 692 2410 reservare,
718 2333 934 2396 nibilominus
965 2336 1089 2407 tamen,
1111 2338 1151 2395 ut
1176 2348 1264 2393 nunc

170 2433 286 2517 aliqua
314 2435 515 2517 contingam,
537 2443 621 2499 nutu
649 2442 685 2498 et
713 2452 819 2517 prope
847 2451 1011 2496 murmure
1040 2432 1265 2496 cohortantur.

172 2533 291 2617 Itaque
319 2534 456 2614 saciam;
481 2535 613 2617 quando
643 2537 764 2614 cogunt
791 2531 974 2611 volentem3
996 2530 1056 2594 sed
1081 2530 1266 2614 majoribus

172 2636 346 2719 separatis,
368 2638 516 2699 tenuiora
542 2635 741 2712 memorabo,
763 2635 856 2697 nulla
882 2651 943 2715 spe
968 2632 1011 2695 ad
1037 2632 1173 2714 plenum
1188 2649 1266 2695 oxe-

172 2737 312 2820 quendi:
344 2737 404 2799 sed
433 2737 579 2799 universi
608 2742 645 2799 ut
673 2736 873 2821 intelligant,
891 2752 1018 2810 eorum,
1051 2752 1130 2819 quse
1161 2729 1270 2799 intns‘

172 2964 250 3008 regem
262 2951 414 3011 Mycenarum
426 2951 587 3011 meripletiam:
607 2952 766 3016 interficerem
777 2953 853 3010 idum,
870 2952 914 3010 ait,
931 2952 971 3013 qui
987 2950 1153 2999 nominavisset
1169 2961 1206 2998 snt
1219 2952 1270 2997 ter·

172 3014 241 3061 tiam.
283 3015 306 3062 0
324 3013 542 3071 magnanimitatem
559 3014 606 3061 uiri
625 3015 774 3072 fortissimi!
808 3016 939 3076 Respnebat
959 3014 1077 3062 nominari
1099 3014 1184 3062 terties
1205 3014 1269 3061 inter

173 3091 268 3132 nonem·
284 3092 328 3139 qno
337 3077 362 3124 in
373 3079 421 3124 toro
430 3078 534 3138 projecto
543 3079 656 3139 prelatus
664 3084 723 3127 esset
733 3079 847 3139 pleribus,
859 3093 926 3140 qnam
937 3078 1088 3140 postpositus.
1124 3079 1219 3132 Quanto
1230 3078 1270 3126 iiie

171 3143 413 3202 pudoreaneraretar,
428 3143 450 3188 si
461 3142 594 3190 nominatas
607 3147 666 3190 esset
677 3144 789 3190 secandas
805 3158 834 3189 ex
849 3139 955 3190 airaon?
989 3143 1053 3189 Nam
1071 3142 1096 3190 in
1114 3142 1155 3189 irae
1173 3156 1270 3189 amre

174 3205 254 3253 eiectio
262 3205 329 3252 tabet
341 3206 449 3253 bonorem
459 3220 510 3253 crem
522 3220 606 3266 magna
616 3206 758 3269 adipiscendi
767 3207 905 3270 difficultate
915 3206 1070 3264 conpunctum.
1105 3206 1203 3261 mando
1222 3207 1269 3253 ssa

174 3283 205 3317 ex
216 3268 346 3317 bominibus
355 3269 445 3317 canetis
455 3275 627 3331 anteponantur
636 3272 721 3319 ceteris
731 3275 758 3318 nt
768 3275 877 3318 creentur
889 3271 1008 3327 Consules,
1024 3271 1065 3317 ille
1081 3270 1122 3331 qni
1139 3268 1270 3331 profertur

174 3334 253 3394 alteri,
268 3332 450 3394 nonproefertar
461 3334 503 3381 nni
515 3340 617 3394 tantam,
633 3337 674 3382 reri
686 3335 798 3384 omnibns.
833 3334 896 3380 Noai
914 3349 975 3381 nnnc
994 3347 1063 3380 sares
1080 3333 1211 3380 astantiam
1229 3347 1271 3381 es·

173 3403 276 3459 pectere,
293 3403 316 3445 et
327 3412 427 3458 agnosce
437 3412 549 3459 apparere
559 3400 585 3446 in
595 3411 635 3444 ore
644 3403 787 3456 summm,
803 3397 860 3459 qnid
868 3398 1076 3459 comprehendatur
1086 3398 1194 3459 cupidine
1208 3411 1271 3445 rnen·

173 3461 241 3509 tiam.
285 3461 377 3509 Rentrer
396 3476 494 3524 namque
511 3477 563 3509 cum
582 3462 706 3522 attigerim
721 3477 748 3510 ea
769 3476 821 3523 qam
838 3461 973 3523 spectabant
993 3463 1031 3519 ad,
1045 3463 1150 3522 mendas
1167 3461 1272 3522 Μῶα,

176 3525 298 3573 errantiata
309 3527 466 3587 compendiose
475 3525 590 3581 aratione,
607 3531 632 3573 ret
644 3527 721 3588 aiunt,
732 3526 799 3586 erili,
813 3539 848 3574 me
858 3525 940 3573 debere
951 3540 1037 3587 qnoque
1052 3524 1154 3573 delibare
1164 3526 1271 3587 Mans

175 3589 204 3636 de
215 3589 320 3637 ianddm
331 3594 378 3637 tna
389 3589 534 3649 Maiestatis.
567 3590 623 3641 Etsi
634 3591 761 3639 monuerim
766 3590 819 3648 jam
830 3603 866 3637 me
874 3590 996 3637 secreuisse
1007 3589 1049 3636 aaa
1059 3592 1233 3649 argumentum,
1248 3594 1272 3636 et

177 3666 294 3701 reservare
302 3654 328 3700 in
337 3654 403 3702 alind
414 3659 512 3714 tempas,
529 3658 634 3702 attamen
645 3655 800 3703 adhortantur
810 3667 845 3701 me
856 3659 924 3713 nata,
941 3669 968 3700 ac
975 3668 1041 3714 pane
1051 3654 1272 3713 obmurmuratione,

177 3721 203 3763 nt
215 3731 274 3764 nnnc
287 3719 447 3778 perstringam
464 3719 544 3778 aliqua
561 3719 590 3764 de
608 3718 667 3766 illis.
701 3719 798 3766 Faciam
816 3717 909 3777 igitnr‚·
926 3719 1015 3778 quondo
1033 3718 1127 3779 quidem
1145 3718 1177 3764 ad
1194 3718 1221 3765 id
1238 3732 1274 3765 ms

177 3780 277 3840 adigunt
289 3782 342 3840 jam
358 3787 440 3842 sponte
456 3783 642 3842 propendentem.
681 3781 765 3830 Verum
785 3781 892 3843 sepositis
909 3781 1044 3840 maioribus,
1061 3779 1165 3839 reseram
1183 3787 1274 3829 tantane

178 3845 278 3905 minora,
295 3860 339 3892 non
351 3847 410 3907 qnod
419 3859 509 3907 sperem
521 3860 556 3893 me
573 3848 691 3908 possessi
708 3860 735 3894 ea
747 3847 815 3908 piene
831 3845 976 3907 praedicare:
992 3847 1033 3894 sed
1051 3851 1077 3892 nt
1096 3860 1178 3894 amnes
1195 3844 1274 3894 norint

181 4116 254 4163 ardna
274 4116 342 4177 plane
359 4114 505 4177 dignationis
525 4112 626 4165 eiectio?
645 4115 776 4177 volgatum
794 4113 911 4164 rectum!
927 4113 1071 4164 Acium—e
1089 4115 1159 4170 Quod
1176 4115 1277 4179 vulg.-

673 4259 782 4309 NOTAE

214 4375 224 4407 ¹
241 4377 338 4437 liorem,
349 4389 400 4437 qnoe
420 4374 493 4430 intes,
504 4373 559 4437 tra]
577 4374 706 4423 Domesti·
747 4371 802 4421 irs:
826 4371 955 4421 ‘Possum
973 4371 1052 4420 rideri
1065 4370 1201 4422 familiaris
1212 4374 1277 4424 uoti·

182 4464 349 4512 eorumquae
360 4463 434 4497 nemo
442 4450 627 4511 potastmelins
635 4463 707 4497 nosse
748 4449 793 4497 tiae
810 4456 926 4497 secretus
937 4448 1064 4509 interpres
1077 4447 1223 4499 domestica
1234 4450 1278 4498 ist·

183 4538 257 4585 quam
270 4538 318 4585 ego
330 4530 477 4586 preceptor
488 4531 556 4586 tuas,
568 4525 611 4587 qni
623 4531 707 4573 tecum
748 4525 803 4572 hac
820 4538 871 4573 non
889 4532 941 4572 taur
958 4521 1100 4586 praedicare
1120 4539 1200 4588 quam
1220 4539 1277 4589 prn-

183 4610 258 4660 paene
270 4597 303 4644 ab
315 4596 473 4647 incunabulis
483 4598 544 4646 rixi.
576 4597 652 4649 Unde
670 4598 709 4646 in·
749 4598 831 4649 dere!
