2806 5234
475 768 526 814 AD
549 767 759 816 ausonium.

73 919 229 998 Lataque
243 912 401 976 distantis
415 911 526 993 pelagi
542 911 685 976 divortia
701 913 846 996 complet

74 1021 166 1085 Orbe
180 1035 241 1081 suo
255 1015 351 1078 linem
365 1032 493 1097 ponens
507 1014 541 1076 iu
556 1014 661 1079 limite
676 1015 787 1078 muudi
799 1016 814 1078 't

72 1121 130 1186 An
145 1119 218 1196 tibi,
233 1118 280 1181 mi
296 1117 438 1181 Domine
452 1116 599 1193 illustris,
615 1118 645 1180 si
660 1118 805 1181 scribere
820 1119 864 1182 sit
878 1138 981 1196 mens,

73 1215 152 1294 Qua
165 1217 302 1299 regione
315 1216 457 1293 habites,
472 1217 606 1299 placeat
618 1218 754 1281 reticere
767 1221 922 1284 nitentem

74 1318 302 1401 Burdigalam,
317 1323 350 1382 at
363 1319 478 1400 piceos
493 1319 590 1382 malis
604 1317 795 1384 describere
810 1321 941 1404 Bojosl

75 1419 226 1504 Cumque
242 1419 452 1504 Marojalicis
466 1425 525 1484 tua
537 1421 687 1503 prodigis
701 1423 771 1486 otia
785 1422 931 1499 thermis,

77 1521 168 1586 inter
183 1533 218 1586 et
231 1522 406 1585 umbrosos
421 1521 526 1584 dones
539 1522 602 1585 tibi
616 1523 730 1586 vivere
743 1525 846 1601 lucos,

76 1622 173 1688 hasta
182 1623 279 1700 locis,
294 1630 329 1686 et
343 1624 427 1686 mira
440 1625 555 1688 colens
569 1624 762 1690 habitacula
777 1627 895 1705 tectis3

78 1724 111 1789 N
113 1725 299 1808 igrantmne
312 1743 413 1789 casas
426 1733 462 1789 ot
476 1734 570 1791 textu
585 1726 730 1810 mapalia
744 1728 866 1803 culmo,

77 1824 254 1910 Dignaque
268 1826 394 1910 pellitis
406 1826 540 1891 liabitas
555 1827 686 1892 deserta
700 1829 869 1910 Bigorrisl

78 1925 209 2010 Quique
221 1930 362 2012 superba
375 1936 442 1994 tuae
458 1933 638 1995 contemnis
651 1931 776 1995 muenia
789 1929 909 1994 Roman

78 2028 220 2106 Consul,
236 2049 395 2095 arenosos
408 2049 484 2095 num
496 2030 673 2112 dedignare
688 2031 858 2095 Vesatasi

80 2128 143 2194 Vel
156 2130 239 2212 quia
250 2130 433 2196 Pictonicis
447 2132 507 2195 tibi
521 2131 627 2196 fertile
640 2150 697 2196 rus
711 2133 794 2197 siret
809 2133 911 2208 arvis,

78 2231 272 2311 Rauranum
286 2232 454 2298 Ausonias
465 2233 531 2297 huo
546 2234 725 2298 derexisse
740 2234 869 2297 curules

78 2333 287 2419 Conquerar3
309 2344 342 2400 et
356 2338 501 2401 trabeam
517 2337 620 2400 veteri
635 2337 825 2400 sordescere
836 2336 967 2417 panno?

78 2433 166 2514 Quae
182 2444 289 2502 tamen
304 2447 445 2522 augusta
461 2439 604 2503 Latiaris
616 2439 653 2501 iu
665 2440 748 2502 urba
764 2436 898 2515 Quirini

78 2537 253 2602 Caesareus
268 2540 460 2623 iuterparili
474 2539 573 2602 titulo
587 2540 754 2621 palmatas

80 2637 199 2720 Fulget
209 2639 242 2702 in
256 2641 368 2705 attrito
379 2641 510 2723 longum
526 2642 726 2705 venerabilis
741 2658 833 2716 auro,

80 2739 268 2806 Florentem
282 2745 427 2808 retinens
441 2744 550 2807 meriti
567 2743 698 2806 vivacis
710 2744 868 2806 honorem

78 2839 149 2905 Ant
164 2862 239 2905 cum
254 2844 382 2909 Lucani
395 2846 546 2909 retineris
557 2844 703 2908 culmine
718 2843 810 2906 i‘undi

77 2943 214 3008 AEmula
228 2942 405 3010 Romuleis
418 2947 573 3010 habitans
588 2942 724 3026 fastigia
738 2945 847 3020 tectis,

79 3044 262 3107 Materiam
275 3047 443 3125 praebente
456 3048 544 3124 loco,
559 3048 617 3130 qul
630 3048 784 3131 proxima
797 3048 917 3124 signet,

78 3145 120 3208 lu
136 3143 323 3208 Condatino
334 3144 454 3209 diceris
469 3145 587 3228 degero
600 3148 701 3212 vicol

124 3245 236 3310 Multa
243 3246 336 3330 jocis
352 3252 505 3328 pateaut3
528 3246 627 3312 liceat
641 3263 774 3330 quoque
788 3242 903 3306 ludere
918 3241 1016 3304 fictis.
1105 3241 1169 3304 260

81 3348 146 3412 Sed
161 3349 273 3429 lingua
288 3348 453 3412 mulcente
469 3367 603 3430 gravem
616 3346 801 3412 interlidere
815 3344 956 3417 dentem,

81 3450 210 3513 Ludere
226 3450 393 3515 blanditiis
405 3451 588 3529 urentibus,
603 3455 636 3514 et
650 3449 738 3513 male
755 3446 873 3511 dulces

38 3589 41 3593 ·
82 3550 291 3616 Fermentare
302 3552 403 3635 jocos
418 3552 538 3617 Setirae
551 3551 720 3616 mordacis
735 3554 840 3625 aceio,

81 3653 181 3735 Saepe
195 3654 378 3736 poetarum,
391 3671 559 3737 uunquam
573 3652 670 3717 docet
683 3670 759 3715 essa
775 3655 959 3732 parentum.

83 3753 238 3838 Namque
253 3755 334 3818 fides
347 3757 523 3838 pietasque
536 3760 665 3837 petunt,
679 3763 716 3819 ut
729 3752 818 3837 quod
829 3751 918 3814 maia
932 3755 1066 3813 nectens
1108 3748 1173 3812 265

82 3854 235 3920 Insinuat
248 3856 350 3919 castis
365 3856 455 3919 famu
470 3857 619 3933 auribus,
634 3856 698 3920 hoc
710 3858 797 3919 bona
812 3854 882 3918 voti

83 3955 180 4020 Mens
193 3958 299 4039 patris
315 3955 416 4039 affigi,
431 3955 605 4040 fixumque
620 3958 798 4021 haerescere
813 3955 905 4018 cordi

576 4150 681 4202 ΝΟΜ

116 4273 166 4318 246
183 4271 276 4321 Peiiitis
345 4273 468 4338 Bigerris]
493 4271 610 4336 Bigorra
652 4271 804 4322 ‘marlotus’
818 4268 949 4333 appellunt
959 4265 1031 4330 quasi
1041 4265 1177 4324 emamus.

83 4347 182 4396 incolas
204 4347 335 4410 ‘pellitos'
358 4355 440 4409 vocat,
469 4349 529 4412 quin
554 4361 611 4396 cnm
683 4354 732 4399 250
751 4349 899 4410 Rauranum]
921 4347 1025 4407 Legitur
1047 4346 1072 4394 in
1096 4345 1177 4395 Anto·

83 4422 215 4485 ninguidus
232 4422 329 4486 Pyreui
349 4425 496 4487 adjaceant,
513 4422 611 4484 frigidi·
652 4422 948 4472 nlniltinerariolocns⁴
959 4422 1177 4471 Rarrmuurn’dic·

83 4513 154 4548 orem
166 4506 271 4548 vastum
282 4509 372 4548 arcent
384 4500 479 4548 villosis
491 4498 613 4559 restibus,
654 4506 704 4560 tus,
718 4496 787 4546 inter
798 4496 971 4547 Mediolanum
985 4497 1134 4561 molanum,
1150 4507 1178 4551 et

84 4589 147 4640 quas
177 4583 246 4625 reste
267 4575 398 4624 savarone
423 4576 456 4625 ed
482 4574 627 4639 sidonium·
653 4575 801 4638 Biturigum
812 4573 1177 4643 cuborumArgmromsgum.
