<?xml version="1.0" encoding="UTF-8"?>
<!DOCTYPE html PUBLIC "-//W3C//DTD XHTML 1.0 Transitional//EN"
    "http://www.w3.org/TR/xhtml1/DTD/xhtml1-transitional.dtd">
<html xmlns="http://www.w3.org/1999/xhtml" xml:lang="en" lang="en">
 <head>
  <title>
</title>
<meta http-equiv="Content-Type" content="text/html;charset=utf-8" />
  <meta name='ocr-system' content='tesseract 3.04.00' />
  <meta name='ocr-capabilities' content='ocr_page ocr_carea ocr_par ocr_line ocrx_word'/>
</head>
<body>
  <div class='ocr_page' id='page_1' title='image "./dmagniausoniibu01ausogoog_0100.png"; bbox 0 0 2806 5234; ppageno 0'>
   <div class='ocr_carea' id='block_1_1' title="bbox 612 713 789 765">
    <p class='ocr_par' dir='ltr' id='par_1_1' title="bbox 612 713 789 765">
     <span class='ocr_line' id='line_1_1' title="bbox 612 713 789 765; baseline 0.017 -6"><span class='ocrx_word' id='word_1_1' title='bbox 612 713 789 765; x_wconf 72' lang='lat' dir='ltr'><strong>nuruum.</strong></span> 
     </span>
    </p>
   </div>
   <div class='ocr_carea' id='block_1_2' title="bbox 151 844 1245 2464">
    <p class='ocr_par' dir='ltr' id='par_1_2' title="bbox 151 844 1072 1141">
     <span class='ocr_line' id='line_1_2' title="bbox 151 844 998 944; baseline 0.027 -36"><span class='ocrx_word' id='word_1_2' title='bbox 151 844 434 930; x_wconf 72' lang='lat' dir='ltr'><strong>Pythagoreorum</strong></span> <span class='ocrx_word' id='word_1_3' title='bbox 449 853 547 936; x_wconf 91' lang='lat' dir='ltr'><strong>periit</strong></span> <span class='ocrx_word' id='word_1_4' title='bbox 562 855 679 920; x_wconf 86' lang='lat' dir='ltr'><strong>schola</strong></span> <span class='ocrx_word' id='word_1_5' title='bbox 695 858 796 923; x_wconf 88' lang='lat' dir='ltr'><strong>docta</strong></span> <span class='ocrx_word' id='word_1_6' title='bbox 811 861 998 944; x_wconf 88' lang='lat' dir='ltr'><strong>sophorum.</strong></span> 
     </span>
     <span class='ocr_line' id='line_1_3' title="bbox 154 947 1072 1035; baseline 0.023 -23"><span class='ocrx_word' id='word_1_7' title='bbox 154 947 228 1013; x_wconf 86' lang='lat' dir='ltr'><strong>Hoc</strong></span> <span class='ocrx_word' id='word_1_8' title='bbox 243 957 393 1017; x_wconf 88' lang='lat' dir='ltr'><strong>metuens</strong></span> <span class='ocrx_word' id='word_1_9' title='bbox 405 956 517 1035; x_wconf 82' lang='lat' dir='ltr'><strong>igitur,</strong></span> <span class='ocrx_word' id='word_1_10' title='bbox 539 958 651 1022; x_wconf 85' lang='lat' dir='ltr'><strong>nullas</strong></span> <span class='ocrx_word' id='word_1_11' title='bbox 671 960 765 1026; x_wconf 85' lang='lat' dir='ltr'><strong>cole:</strong></span> <span class='ocrx_word' id='word_1_12' title='bbox 789 963 911 1028; x_wconf 87' lang='lat' dir='ltr'><strong>crimen</strong></span> <span class='ocrx_word' id='word_1_13' title='bbox 925 968 968 1031; x_wconf 91' lang='lat' dir='ltr'><strong>ob</strong></span> <span class='ocrx_word' id='word_1_14' title='bbox 982 969 1072 1032; x_wconf 85' lang='lat' dir='ltr'><strong>istud</strong></span> 
     </span>
     <span class='ocr_line' id='line_1_4' title="bbox 152 1049 896 1141; baseline 0.02 -29"><span class='ocrx_word' id='word_1_15' title='bbox 152 1049 269 1114; x_wconf 82' lang='lat' dir='ltr'><strong>Timon</strong></span> <span class='ocrx_word' id='word_1_16' title='bbox 284 1052 451 1119; x_wconf 79' lang='lat' dir='ltr'><strong>Palladiis</strong></span> <span class='ocrx_word' id='word_1_17' title='bbox 466 1057 547 1121; x_wconf 90' lang='lat' dir='ltr'><strong>olim</strong></span> <span class='ocrx_word' id='word_1_18' title='bbox 560 1058 731 1141; x_wconf 85' lang='lat' dir='ltr'><strong>lapidatus</strong></span> <span class='ocrx_word' id='word_1_19' title='bbox 746 1059 896 1127; x_wconf 83' lang='lat' dir='ltr'><strong>Athenis.</strong></span> 
     </span>
    </p>

    <p class='ocr_par' dir='ltr' id='par_1_3' title="bbox 151 1150 1245 1646">
     <span class='ocr_line' id='line_1_5' title="bbox 152 1150 1245 1242; baseline 0.019 -28"><span class='ocrx_word' id='word_1_20' title='bbox 152 1150 302 1216; x_wconf 81' lang='lat' dir='ltr'><strong>Dissidet</strong></span> <span class='ocrx_word' id='word_1_21' title='bbox 315 1155 480 1237; x_wconf 81' lang='lat' dir='ltr'><strong>ambiguis</strong></span> <span class='ocrx_word' id='word_1_22' title='bbox 495 1177 627 1242; x_wconf 91' lang='lat' dir='ltr'><strong>semper</strong></span> <span class='ocrx_word' id='word_1_23' title='bbox 641 1180 735 1224; x_wconf 91' lang='lat' dir='ltr'><strong>mens</strong></span> <span class='ocrx_word' id='word_1_24' title='bbox 750 1164 852 1227; x_wconf 89' lang='lat' dir='ltr'><strong>obvia</strong></span> <span class='ocrx_word' id='word_1_25' title='bbox 865 1167 966 1231; x_wconf 81' lang='lat' dir='ltr'><strong>votis.</strong></span> <span class='ocrx_word' id='word_1_26' title='bbox 1201 1172 1245 1235; x_wconf 82' lang='lat'><strong>35</strong></span> 
     </span>
     <span class='ocr_line' id='line_1_6' title="bbox 151 1251 1013 1348; baseline 0.021 -34"><span class='ocrx_word' id='word_1_27' title='bbox 151 1251 227 1317; x_wconf 86' lang='lat' dir='ltr'><strong>Nec</strong></span> <span class='ocrx_word' id='word_1_28' title='bbox 242 1255 394 1320; x_wconf 81' lang='lat' dir='ltr'><strong>voluisse</strong></span> <span class='ocrx_word' id='word_1_29' title='bbox 408 1257 533 1323; x_wconf 89' lang='lat' dir='ltr'><strong>bomini</strong></span> <span class='ocrx_word' id='word_1_30' title='bbox 547 1262 630 1325; x_wconf 89' lang='lat' dir='ltr'><strong>satis</strong></span> <span class='ocrx_word' id='word_1_31' title='bbox 644 1269 712 1327; x_wconf 80' lang='lat' dir='ltr'><strong>estr</strong></span> <span class='ocrx_word' id='word_1_32' title='bbox 734 1271 851 1348; x_wconf 88' lang='lat' dir='ltr'><strong>optata</strong></span> <span class='ocrx_word' id='word_1_33' title='bbox 865 1275 1013 1335; x_wconf 78' lang='lat' dir='ltr'><strong>recusat.</strong></span> 
     </span>
     <span class='ocr_line' id='line_1_7' title="bbox 152 1353 1076 1448; baseline 0.021 -31"><span class='ocrx_word' id='word_1_34' title='bbox 152 1353 235 1419; x_wconf 83' lang='lat' dir='ltr'><strong>Esse</strong></span> <span class='ocrx_word' id='word_1_35' title='bbox 248 1357 284 1420; x_wconf 93' lang='lat' dir='ltr'><strong>in</strong></span> <span class='ocrx_word' id='word_1_36' title='bbox 298 1356 425 1422; x_wconf 91' lang='lat' dir='ltr'><strong>honore</strong></span> <span class='ocrx_word' id='word_1_37' title='bbox 438 1360 567 1443; x_wconf 90' lang='lat' dir='ltr'><strong>placet:</strong></span> <span class='ocrx_word' id='word_1_38' title='bbox 590 1383 669 1428; x_wconf 90' lang='lat' dir='ltr'><strong>mox</strong></span> <span class='ocrx_word' id='word_1_39' title='bbox 683 1368 842 1448; x_wconf 87' lang='lat' dir='ltr'><strong>poenitet:</strong></span> <span class='ocrx_word' id='word_1_40' title='bbox 861 1377 896 1433; x_wconf 89' lang='lat' dir='ltr'><strong>et</strong></span> <span class='ocrx_word' id='word_1_41' title='bbox 910 1370 1076 1437; x_wconf 89' lang='lat' dir='ltr'><strong>dominari</strong></span> 
     </span>
     <span class='ocr_line' id='line_1_8' title="bbox 154 1456 1007 1551; baseline 0.019 -31"><span class='ocrx_word' id='word_1_42' title='bbox 154 1456 198 1521; x_wconf 88' lang='lat' dir='ltr'><strong>Ut</strong></span> <span class='ocrx_word' id='word_1_43' title='bbox 211 1459 337 1543; x_wconf 85' lang='lat' dir='ltr'><strong>possit,</strong></span> <span class='ocrx_word' id='word_1_44' title='bbox 361 1463 485 1528; x_wconf 81' lang='lat' dir='ltr'><strong>servire</strong></span> <span class='ocrx_word' id='word_1_45' title='bbox 498 1465 604 1530; x_wconf 84' lang='lat' dir='ltr'><strong>volet:</strong></span> <span class='ocrx_word' id='word_1_46' title='bbox 626 1466 716 1534; x_wconf 89' lang='lat' dir='ltr'><strong>idom</strong></span> <span class='ocrx_word' id='word_1_47' title='bbox 732 1479 851 1533; x_wconf 85' lang='lat' dir='ltr'><strong>auctus</strong></span> <span class='ocrx_word' id='word_1_48' title='bbox 867 1470 1007 1551; x_wconf 91' lang='lat' dir='ltr'><strong>bonore,</strong></span> 
     </span>
     <span class='ocr_line' id='line_1_9' title="bbox 153 1557 984 1646; baseline 0.017 -23"><span class='ocrx_word' id='word_1_49' title='bbox 153 1557 294 1627; x_wconf 77' lang='lat' dir='ltr'><strong>Invidiae</strong></span> <span class='ocrx_word' id='word_1_50' title='bbox 311 1562 481 1646; x_wconf 89' lang='lat' dir='ltr'><strong>objicitur.</strong></span> <span class='ocrx_word' id='word_1_51' title='bbox 524 1566 659 1632; x_wconf 87' lang='lat' dir='ltr'><strong>Pamox</strong></span> <span class='ocrx_word' id='word_1_52' title='bbox 674 1575 727 1634; x_wconf 88' lang='lat' dir='ltr'><strong>est</strong></span> <span class='ocrx_word' id='word_1_53' title='bbox 740 1589 821 1634; x_wconf 87' lang='lat' dir='ltr'><strong>cura</strong></span> <span class='ocrx_word' id='word_1_54' title='bbox 835 1571 984 1637; x_wconf 81' lang='lat' dir='ltr'><strong>disertis:</strong></span> 
     </span>
    </p>

    <p class='ocr_par' dir='ltr' id='par_1_4' title="bbox 153 1661 984 1756">
     <span class='ocr_line' id='line_1_10' title="bbox 153 1661 984 1756; baseline 0.019 -32"><span class='ocrx_word' id='word_1_55' title='bbox 153 1661 216 1726; x_wconf 87' lang='lat' dir='ltr'><strong>Sed</strong></span> <span class='ocrx_word' id='word_1_56' title='bbox 232 1662 328 1727; x_wconf 91' lang='lat' dir='ltr'><strong>rudis</strong></span> <span class='ocrx_word' id='word_1_57' title='bbox 341 1672 461 1729; x_wconf 86' lang='lat' dir='ltr'><strong>ornato</strong></span> <span class='ocrx_word' id='word_1_58' title='bbox 477 1667 555 1732; x_wconf 70' lang='lat' dir='ltr'><strong>vitas</strong></span> <span class='ocrx_word' id='word_1_59' title='bbox 572 1676 672 1733; x_wconf 79' lang='lat' dir='ltr'><strong>caret</strong></span> <span class='ocrx_word' id='word_1_60' title='bbox 716 1670 798 1736; x_wconf 81' lang='lat' dir='ltr'><strong>Fsto</strong></span> <span class='ocrx_word' id='word_1_61' title='bbox 813 1681 984 1756; x_wconf 89' lang='lat' dir='ltr'><strong>patronus,</strong></span> 
     </span>
    </p>

    <p class='ocr_par' dir='ltr' id='par_1_5' title="bbox 153 1762 911 1852">
     <span class='ocr_line' id='line_1_11' title="bbox 153 1762 911 1852; baseline 0.017 -25"><span class='ocrx_word' id='word_1_62' title='bbox 153 1762 189 1828; x_wconf 82' lang='lat' dir='ltr'><strong>Et</strong></span> <span class='ocrx_word' id='word_1_63' title='bbox 204 1765 349 1830; x_wconf 84' lang='lat' dir='ltr'><strong>defende</strong></span> <span class='ocrx_word' id='word_1_64' title='bbox 363 1786 458 1833; x_wconf 90' lang='lat' dir='ltr'><strong>reos:</strong></span> <span class='ocrx_word' id='word_1_65' title='bbox 482 1768 544 1833; x_wconf 88' lang='lat' dir='ltr'><strong>sed</strong></span> <span class='ocrx_word' id='word_1_66' title='bbox 557 1771 667 1852; x_wconf 83' lang='lat' dir='ltr'><strong>gratia</strong></span> <span class='ocrx_word' id='word_1_67' title='bbox 679 1790 754 1836; x_wconf 86' lang='lat' dir='ltr'><strong>rara</strong></span> <span class='ocrx_word' id='word_1_68' title='bbox 769 1773 911 1840; x_wconf 91' lang='lat' dir='ltr'><strong>clientis.</strong></span> 
     </span>
    </p>

    <p class='ocr_par' dir='ltr' id='par_1_6' title="bbox 152 1863 1030 2156">
     <span class='ocr_line' id='line_1_12' title="bbox 152 1863 968 1959; baseline 0.01 -25"><span class='ocrx_word' id='word_1_69' title='bbox 152 1863 230 1934; x_wconf 78' lang='lat' dir='ltr'><strong>Fsro</strong></span> <span class='ocrx_word' id='word_1_70' title='bbox 244 1868 374 1933; x_wconf 86' lang='lat' dir='ltr'><strong>cliens:</strong></span> <span class='ocrx_word' id='word_1_71' title='bbox 396 1871 505 1952; x_wconf 81' lang='lat' dir='ltr'><strong>gravis</strong></span> <span class='ocrx_word' id='word_1_72' title='bbox 521 1871 651 1956; x_wconf 90' lang='lat' dir='ltr'><strong>imperii</strong></span> <span class='ocrx_word' id='word_1_73' title='bbox 664 1892 808 1955; x_wconf 90' lang='lat' dir='ltr'><strong>persona</strong></span> <span class='ocrx_word' id='word_1_74' title='bbox 822 1879 968 1959; x_wconf 87' lang='lat' dir='ltr'><strong>patroni.</strong></span> 
     </span>
     <span class='ocr_line' id='line_1_13' title="bbox 152 1965 1030 2059; baseline 0.015 -30"><span class='ocrx_word' id='word_1_75' title='bbox 152 1965 319 2035; x_wconf 81' lang='lat' dir='ltr'><strong>Exercent</strong></span> <span class='ocrx_word' id='word_1_76' title='bbox 333 1970 422 2035; x_wconf 87' lang='lat' dir='ltr'><strong>bunc</strong></span> <span class='ocrx_word' id='word_1_77' title='bbox 438 1978 519 2035; x_wconf 86' lang='lat' dir='ltr'><strong>vota</strong></span> <span class='ocrx_word' id='word_1_78' title='bbox 534 1971 688 2036; x_wconf 89' lang='lat' dir='ltr'><strong>Patrom:</strong></span> <span class='ocrx_word' id='word_1_79' title='bbox 711 1994 791 2039; x_wconf 87' lang='lat' dir='ltr'><strong>mox</strong></span> <span class='ocrx_word' id='word_1_80' title='bbox 806 1995 928 2059; x_wconf 85' lang='lat' dir='ltr'><strong>aspero</strong></span> <span class='ocrx_word' id='word_1_81' title='bbox 941 1979 1030 2042; x_wconf 89' lang='lat' dir='ltr'><strong>curis</strong></span> 
     </span>
     <span class='ocr_line' id='line_1_14' title="bbox 154 2068 987 2156; baseline 0.01 -22"><span class='ocrx_word' id='word_1_82' title='bbox 154 2068 335 2136; x_wconf 89' lang='lat' dir='ltr'><strong>Solieitndo</strong></span> <span class='ocrx_word' id='word_1_83' title='bbox 350 2071 459 2136; x_wconf 83' lang='lat' dir='ltr'><strong>subit:</strong></span> <span class='ocrx_word' id='word_1_84' title='bbox 482 2074 708 2138; x_wconf 89' lang='lat' dir='ltr'><strong>contemnitur</strong></span> <span class='ocrx_word' id='word_1_85' title='bbox 723 2077 806 2140; x_wconf 86' lang='lat' dir='ltr'><strong>orba</strong></span> <span class='ocrx_word' id='word_1_86' title='bbox 821 2086 987 2156; x_wconf 89' lang='lat' dir='ltr'><strong>senectus,</strong></span> 
     </span>
    </p>

    <p class='ocr_par' dir='ltr' id='par_1_7' title="bbox 154 2171 893 2260">
     <span class='ocr_line' id='line_1_15' title="bbox 154 2171 893 2260; baseline 0.005 -23"><span class='ocrx_word' id='word_1_87' title='bbox 154 2171 192 2236; x_wconf 79' lang='lat' dir='ltr'><strong>lit</strong></span> <span class='ocrx_word' id='word_1_88' title='bbox 204 2175 396 2257; x_wconf 72' lang='lat' dir='ltr'><strong>captatoris</strong></span> <span class='ocrx_word' id='word_1_89' title='bbox 411 2175 526 2258; x_wconf 82' lang='lat' dir='ltr'><strong>praeda</strong></span> <span class='ocrx_word' id='word_1_90' title='bbox 541 2183 592 2241; x_wconf 88' lang='lat' dir='ltr'><strong>est</strong></span> <span class='ocrx_word' id='word_1_91' title='bbox 605 2176 748 2241; x_wconf 81' lang='lat' dir='ltr'><strong>haeredis</strong></span> <span class='ocrx_word' id='word_1_92' title='bbox 763 2197 893 2260; x_wconf 83' lang='lat' dir='ltr'><strong>egenus.</strong></span> 
     </span>
    </p>

    <p class='ocr_par' dir='ltr' id='par_1_8' title="bbox 153 2271 940 2361">
     <span class='ocr_line' id='line_1_16' title="bbox 153 2271 940 2361; baseline 0.008 -22"><span class='ocrx_word' id='word_1_93' title='bbox 153 2271 260 2341; x_wconf 76' lang='lat' dir='ltr'><strong>Vitam</strong></span> <span class='ocrx_word' id='word_1_94' title='bbox 274 2295 403 2361; x_wconf 83' lang='lat' dir='ltr'><strong>parens</strong></span> <span class='ocrx_word' id='word_1_95' title='bbox 418 2296 516 2359; x_wconf 83' lang='lat' dir='ltr'><strong>agas:</strong></span> <span class='ocrx_word' id='word_1_96' title='bbox 533 2278 624 2343; x_wconf 86' lang='lat' dir='ltr'><strong>avidi</strong></span> <span class='ocrx_word' id='word_1_97' title='bbox 638 2279 827 2344; x_wconf 84' lang='lat' dir='ltr'><strong>lacerabere</strong></span> <span class='ocrx_word' id='word_1_98' title='bbox 840 2280 940 2345; x_wconf 86' lang='lat' dir='ltr'><strong>foma.</strong></span> 
     </span>
    </p>

    <p class='ocr_par' dir='ltr' id='par_1_9' title="bbox 153 2375 859 2464">
     <span class='ocr_line' id='line_1_17' title="bbox 153 2375 859 2464; baseline 0.008 -23"><span class='ocrx_word' id='word_1_99' title='bbox 153 2375 191 2442; x_wconf 87' lang='lat' dir='ltr'><strong>Et</strong></span> <span class='ocrx_word' id='word_1_100' title='bbox 203 2377 400 2464; x_wconf 81' lang='lat' dir='ltr'><strong>largitorem</strong></span> <span class='ocrx_word' id='word_1_101' title='bbox 415 2381 547 2462; x_wconf 76' lang='lat' dir='ltr'><strong>gravius</strong></span> <span class='ocrx_word' id='word_1_102' title='bbox 563 2401 705 2446; x_wconf 87' lang='lat' dir='ltr'><strong>censura</strong></span> <span class='ocrx_word' id='word_1_103' title='bbox 720 2384 859 2447; x_wconf 85' lang='lat' dir='ltr'><strong>notabit.</strong></span> 
     </span>
    </p>
   </div>
   <div class='ocr_carea' id='block_1_3' title="bbox 152 2558 1244 2636">
    <p class='ocr_par' dir='ltr' id='par_1_10' title="bbox 152 2558 1244 2636">
     <span class='ocr_line' id='line_1_18' title="bbox 152 2558 1244 2636; baseline 0.003 -28"><span class='ocrx_word' id='word_1_104' title='bbox 152 2558 238 2608; x_wconf 73' lang='lat' dir='ltr'><strong>audie·</strong></span> <span class='ocrx_word' id='word_1_105' title='bbox 255 2560 339 2609; x_wconf 69' lang='lat' dir='ltr'><strong>rebla</strong></span> <span class='ocrx_word' id='word_1_106' title='bbox 358 2559 551 2636; x_wconf 68' lang='lat' dir='ltr'><strong>Philoerplrorrur</strong></span> <span class='ocrx_word' id='word_1_107' title='bbox 565 2562 769 2624; x_wconf 68' lang='lat' dir='ltr'><strong>Pythagoreum</strong></span> <span class='ocrx_word' id='word_1_108' title='bbox 787 2562 859 2625; x_wconf 78' lang='lat' dir='ltr'><strong>periit</strong></span> <span class='ocrx_word' id='word_1_109' title='bbox 877 2562 905 2610; x_wconf 90' lang='lat' dir='ltr'><strong>ob</strong></span> <span class='ocrx_word' id='word_1_110' title='bbox 924 2563 950 2611; x_wconf 90' lang='lat' dir='ltr'><strong>id</strong></span> <span class='ocrx_word' id='word_1_111' title='bbox 966 2564 1063 2612; x_wconf 79' lang='lat' dir='ltr'><strong>crimen.</strong></span> <span class='ocrx_word' id='word_1_112' title='bbox 1098 2562 1182 2626; x_wconf 74' lang='lat' dir='ltr'><strong>Itaque</strong></span> <span class='ocrx_word' id='word_1_113' title='bbox 1202 2563 1244 2612; x_wconf 78' lang='lat' dir='ltr'><strong>hor</strong></span> 
     </span>
    </p>
   </div>
   <div class='ocr_carea' id='block_1_4' title="bbox 149 2623 1247 3394">
    <p class='ocr_par' dir='ltr' id='par_1_11' title="bbox 149 2623 1247 3394">
     <span class='ocr_line' id='line_1_19' title="bbox 153 2623 1244 2689; baseline 0.005 -19"><span class='ocrx_word' id='word_1_114' title='bbox 153 2623 231 2673; x_wconf 69' lang='lat' dir='ltr'><strong>tineae</strong></span> <span class='ocrx_word' id='word_1_115' title='bbox 247 2625 329 2673; x_wconf 74' lang='lat' dir='ltr'><strong>sullae</strong></span> <span class='ocrx_word' id='word_1_116' title='bbox 344 2624 464 2674; x_wconf 72' lang='lat' dir='ltr'><strong>amicibor</strong></span> <span class='ocrx_word' id='word_1_117' title='bbox 479 2640 576 2675; x_wconf 75' lang='lat' dir='ltr'><strong>exerce:</strong></span> <span class='ocrx_word' id='word_1_118' title='bbox 593 2625 676 2675; x_wconf 76' lang='lat' dir='ltr'><strong>Tim</strong></span> <span class='ocrx_word' id='word_1_119' title='bbox 693 2625 790 2675; x_wconf 71' lang='lat' dir='ltr'><strong>dmm</strong></span> <span class='ocrx_word' id='word_1_120' title='bbox 807 2633 842 2675; x_wconf 80' lang='lat' dir='ltr'><strong>ert</strong></span> <span class='ocrx_word' id='word_1_121' title='bbox 857 2629 972 2689; x_wconf 71' lang='lat' dir='ltr'><strong>quondum</strong></span> <span class='ocrx_word' id='word_1_122' title='bbox 989 2628 1017 2676; x_wconf 82' lang='lat' dir='ltr'><strong>ob</strong></span> <span class='ocrx_word' id='word_1_123' title='bbox 1033 2628 1060 2675; x_wconf 83' lang='lat' dir='ltr'><strong>id</strong></span> <span class='ocrx_word' id='word_1_124' title='bbox 1076 2627 1165 2674; x_wconf 78' lang='lat' dir='ltr'><strong>rriouu</strong></span> <span class='ocrx_word' id='word_1_125' title='bbox 1182 2630 1244 2689; x_wconf 87' lang='lat' dir='ltr'><strong>opud</strong></span> 
     </span>
     <span class='ocr_line' id='line_1_20' title="bbox 152 2687 1244 2753; baseline 0.003 -16"><span class='ocrx_word' id='word_1_126' title='bbox 152 2687 250 2737; x_wconf 66' lang='lat' dir='ltr'><strong>Athenae</strong></span> <span class='ocrx_word' id='word_1_127' title='bbox 261 2689 385 2738; x_wconf 71' lang='lat' dir='ltr'><strong>nram</strong></span> <span class='ocrx_word' id='word_1_128' title='bbox 395 2703 481 2738; x_wconf 78' lang='lat' dir='ltr'><strong>sarrae.</strong></span> <span class='ocrx_word' id='word_1_129' title='bbox 514 2690 616 2739; x_wconf 70' lang='lat' dir='ltr'><strong>Animos</strong></span> <span class='ocrx_word' id='word_1_130' title='bbox 633 2691 679 2739; x_wconf 84' lang='lat' dir='ltr'><strong>rr&#39;br&#39;</strong></span> <span class='ocrx_word' id='word_1_131' title='bbox 693 2697 804 2753; x_wconf 83' lang='lat' dir='ltr'><strong>perpetuo</strong></span> <span class='ocrx_word' id='word_1_132' title='bbox 821 2692 954 2740; x_wconf 67' lang='lat' dir='ltr'><strong>contrariu</strong></span> <span class='ocrx_word' id='word_1_133' title='bbox 967 2693 1065 2741; x_wconf 73' lang='lat' dir='ltr'><strong>lacertis</strong></span> <span class='ocrx_word' id='word_1_134' title='bbox 1074 2691 1244 2753; x_wconf 74' lang='lat' dir='ltr'><strong>cupiditatibus</strong></span> 
     </span>
     <span class='ocr_line' id='line_1_21' title="bbox 151 2751 1242 2818; baseline 0.003 -17"><span class='ocrx_word' id='word_1_135' title='bbox 151 2751 363 2803; x_wconf 59' lang='lat' dir='ltr'><strong>Maleam</strong></span> <span class='ocrx_word' id='word_1_136' title='bbox 400 2754 484 2816; x_wconf 80' lang='lat' dir='ltr'><strong>Neque</strong></span> <span class='ocrx_word' id='word_1_137' title='bbox 494 2769 521 2803; x_wconf 84' lang='lat' dir='ltr'><strong>ru</strong></span> <span class='ocrx_word' id='word_1_138' title='bbox 564 2756 570 2766; x_wconf 83' lang='lat'>&#39;</span> <span class='ocrx_word' id='word_1_139' title='bbox 592 2754 681 2802; x_wconf 75' lang='lat' dir='ltr'><strong>homini</strong></span> <span class='ocrx_word' id='word_1_140' title='bbox 688 2755 811 2816; x_wconf 71' lang='lat' dir='ltr'><strong>optavisse.</strong></span> <span class='ocrx_word' id='word_1_141' title='bbox 839 2756 939 2817; x_wconf 76' lang='lat' dir='ltr'><strong>Respuit</strong></span> <span class='ocrx_word' id='word_1_142' title='bbox 950 2759 1011 2818; x_wconf 81' lang='lat' dir='ltr'><strong>quod</strong></span> <span class='ocrx_word' id='word_1_143' title='bbox 1020 2761 1150 2817; x_wconf 80' lang='lat' dir='ltr'><strong>optauerat.</strong></span> <span class='ocrx_word' id='word_1_144' title='bbox 1166 2756 1242 2804; x_wconf 77' lang='lat' dir='ltr'><strong>Juvat</strong></span> 
     </span>
     <span class='ocr_line' id='line_1_22' title="bbox 151 2818 1245 2883; baseline 0.004 -19"><span class='ocrx_word' id='word_1_145' title='bbox 151 2829 197 2864; x_wconf 72' lang='lat' dir='ltr'><strong>ru</strong></span> <span class='ocrx_word' id='word_1_146' title='bbox 211 2818 374 2879; x_wconf 71' lang='lat' dir='ltr'><strong>nagistrum</strong></span> <span class='ocrx_word' id='word_1_147' title='bbox 389 2832 485 2878; x_wconf 75' lang='lat' dir='ltr'><strong>gruere.</strong></span> <span class='ocrx_word' id='word_1_148' title='bbox 536 2819 606 2867; x_wconf 80' lang='lat' dir='ltr'><strong>turim</strong></span> <span class='ocrx_word' id='word_1_149' title='bbox 620 2819 718 2879; x_wconf 74' lang='lat' dir='ltr'><strong>periret</strong></span> <span class='ocrx_word' id='word_1_150' title='bbox 734 2834 794 2868; x_wconf 78' lang='lat' dir='ltr'><strong>erem.</strong></span> <span class='ocrx_word' id='word_1_151' title='bbox 828 2820 906 2882; x_wconf 79' lang='lat' dir='ltr'><strong>Atque</strong></span> <span class='ocrx_word' id='word_1_152' title='bbox 917 2826 944 2868; x_wconf 81' lang='lat' dir='ltr'><strong>ot</strong></span> <span class='ocrx_word' id='word_1_153' title='bbox 951 2823 1025 2882; x_wconf 80' lang='lat' dir='ltr'><strong>prurit</strong></span> <span class='ocrx_word' id='word_1_154' title='bbox 1037 2821 1162 2883; x_wconf 80' lang='lat' dir='ltr'><strong>imperare,</strong></span> <span class='ocrx_word' id='word_1_155' title='bbox 1172 2821 1245 2868; x_wconf 80' lang='lat' dir='ltr'><strong>etiam</strong></span> 
     </span>
     <span class='ocr_line' id='line_1_23' title="bbox 150 2880 1243 2946; baseline 0.003 -17"><span class='ocrx_word' id='word_1_156' title='bbox 150 2880 250 2929; x_wconf 64' lang='lat' dir='ltr'><strong>dm</strong></span> <span class='ocrx_word' id='word_1_157' title='bbox 268 2883 416 2946; x_wconf 76' lang='lat' dir='ltr'><strong>appelletad</strong></span> <span class='ocrx_word' id='word_1_158' title='bbox 429 2883 583 2932; x_wconf 62' lang='lat' dir='ltr'><strong>semmua.</strong></span> <span class='ocrx_word' id='word_1_159' title='bbox 616 2883 691 2943; x_wconf 82' lang='lat' dir='ltr'><strong>Idem,</strong></span> <span class='ocrx_word' id='word_1_160' title='bbox 707 2897 760 2932; x_wconf 85' lang='lat' dir='ltr'><strong>cum</strong></span> <span class='ocrx_word' id='word_1_161' title='bbox 774 2886 880 2945; x_wconf 81' lang='lat' dir='ltr'><strong>peruenit</strong></span> <span class='ocrx_word' id='word_1_162' title='bbox 899 2887 930 2932; x_wconf 88' lang='lat' dir='ltr'><strong>ad</strong></span> <span class='ocrx_word' id='word_1_163' title='bbox 948 2887 1113 2945; x_wconf 68' lang='lat' dir='ltr'><strong>magistratum</strong></span> <span class='ocrx_word' id='word_1_164' title='bbox 1132 2886 1243 2946; x_wconf 78' lang='lat' dir='ltr'><strong>aliquem,</strong></span> 
     </span>
     <span class='ocr_line' id='line_1_24' title="bbox 150 2945 1244 3010; baseline 0 -15"><span class='ocrx_word' id='word_1_165' title='bbox 150 2947 276 3009; x_wconf 76' lang='lat' dir='ltr'><strong>teliapatet</strong></span> <span class='ocrx_word' id='word_1_166' title='bbox 296 2945 401 2995; x_wconf 72' lang='lat' dir='ltr'><strong>invidiae.</strong></span> <span class='ocrx_word' id='word_1_167' title='bbox 436 2947 485 3002; x_wconf 82' lang='lat' dir='ltr'><strong>Qui</strong></span> <span class='ocrx_word' id='word_1_168' title='bbox 495 2948 590 2996; x_wconf 65' lang='lat' dir='ltr'><strong>eludat</strong></span> <span class='ocrx_word' id='word_1_169' title='bbox 605 2948 751 3009; x_wconf 63' lang='lat' dir='ltr'><strong>odorantia,</strong></span> <span class='ocrx_word' id='word_1_170' title='bbox 762 2949 850 2996; x_wconf 76' lang='lat' dir='ltr'><strong>soliciti</strong></span> <span class='ocrx_word' id='word_1_171' title='bbox 868 2954 924 2995; x_wconf 75' lang='lat' dir='ltr'><strong>aaut</strong></span> <span class='ocrx_word' id='word_1_172' title='bbox 940 2955 1018 2997; x_wconf 81' lang='lat' dir='ltr'><strong>aoeter</strong></span> <span class='ocrx_word' id='word_1_173' title='bbox 1037 2955 1106 3010; x_wconf 79' lang='lat' dir='ltr'><strong>atqree</strong></span> <span class='ocrx_word' id='word_1_174' title='bbox 1125 2950 1193 2996; x_wconf 84' lang='lat' dir='ltr'><strong>dier:</strong></span> <span class='ocrx_word' id='word_1_175' title='bbox 1218 2953 1244 2994; x_wconf 90' lang='lat' dir='ltr'><strong>at</strong></span> 
     </span>
     <span class='ocr_line' id='line_1_25' title="bbox 150 3008 1244 3073; baseline 0 -15"><span class='ocrx_word' id='word_1_176' title='bbox 150 3008 329 3070; x_wconf 52' lang='lat' dir='ltr'><strong>mmmm</strong></span> <span class='ocrx_word' id='word_1_177' title='bbox 338 3010 405 3059; x_wconf 78' lang='lat' dir='ltr'><strong>duell</strong></span> <span class='ocrx_word' id='word_1_178' title='bbox 416 3010 551 3072; x_wconf 71' lang='lat' dir='ltr'><strong>ingloriam.</strong></span> <span class='ocrx_word' id='word_1_179' title='bbox 576 3010 696 3060; x_wconf 72' lang='lat' dir='ltr'><strong>Patronus</strong></span> <span class='ocrx_word' id='word_1_180' title='bbox 703 3016 761 3073; x_wconf 85' lang='lat' dir='ltr'><strong>erto,</strong></span> <span class='ocrx_word' id='word_1_181' title='bbox 770 3017 794 3060; x_wconf 90' lang='lat' dir='ltr'><strong>et</strong></span> <span class='ocrx_word' id='word_1_182' title='bbox 802 3011 899 3070; x_wconf 70' lang='lat' dir='ltr'><strong>defende</strong></span> <span class='ocrx_word' id='word_1_183' title='bbox 906 3017 1042 3060; x_wconf 66' lang='lat' dir='ltr'><strong>mmmm:</strong></span> <span class='ocrx_word' id='word_1_184' title='bbox 1059 3026 1139 3058; x_wconf 84' lang='lat' dir='ltr'><strong>oerum</strong></span> <span class='ocrx_word' id='word_1_185' title='bbox 1150 3013 1244 3060; x_wconf 78' lang='lat' dir='ltr'><strong>clienter</strong></span> 
     </span>
     <span class='ocr_line' id='line_1_26' title="bbox 152 3074 1246 3138; baseline 0 -17"><span class='ocrx_word' id='word_1_186' title='bbox 152 3088 205 3122; x_wconf 78' lang='lat' dir='ltr'><strong>raro</strong></span> <span class='ocrx_word' id='word_1_187' title='bbox 212 3074 283 3136; x_wconf 71' lang='lat' dir='ltr'><strong>grati</strong></span> <span class='ocrx_word' id='word_1_188' title='bbox 291 3079 345 3122; x_wconf 71' lang='lat' dir='ltr'><strong>unt</strong></span> <span class='ocrx_word' id='word_1_189' title='bbox 358 3076 384 3122; x_wconf 79' lang='lat' dir='ltr'><strong>iar</strong></span> <span class='ocrx_word' id='word_1_190' title='bbox 393 3081 525 3138; x_wconf 80' lang='lat' dir='ltr'><strong>patrorum.</strong></span> <span class='ocrx_word' id='word_1_191' title='bbox 557 3075 691 3124; x_wconf 78' lang='lat' dir='ltr'><strong>Sierlierrr:</strong></span> <span class='ocrx_word' id='word_1_192' title='bbox 706 3090 804 3137; x_wconf 82' lang='lat' dir='ltr'><strong>perrona</strong></span> <span class='ocrx_word' id='word_1_193' title='bbox 813 3075 907 3136; x_wconf 67' lang='lat' dir='ltr'><strong>putrem</strong></span> <span class='ocrx_word' id='word_1_194' title='bbox 918 3075 963 3124; x_wconf 84' lang='lat' dir='ltr'><strong>tibi</strong></span> <span class='ocrx_word' id='word_1_195' title='bbox 970 3074 1088 3124; x_wconf 80' lang='lat' dir='ltr'><strong>uidebitur</strong></span> <span class='ocrx_word' id='word_1_196' title='bbox 1098 3075 1246 3121; x_wconf 78' lang='lat' dir='ltr'><strong>intoleranda</strong></span> 
     </span>
     <span class='ocr_line' id='line_1_27' title="bbox 150 3135 1246 3210; baseline -0.005 -24"><span class='ocrx_word' id='word_1_197' title='bbox 150 3137 175 3186; x_wconf 83' lang='lat' dir='ltr'><strong>eb</strong></span> <span class='ocrx_word' id='word_1_198' title='bbox 185 3140 334 3188; x_wconf 61' lang='lat' dir='ltr'><strong>demun</strong></span> <span class='ocrx_word' id='word_1_199' title='bbox 342 3153 410 3200; x_wconf 74' lang='lat' dir='ltr'><strong>quera</strong></span> <span class='ocrx_word' id='word_1_200' title='bbox 420 3138 446 3187; x_wconf 78' lang='lat' dir='ltr'><strong>in</strong></span> <span class='ocrx_word' id='word_1_201' title='bbox 458 3144 481 3187; x_wconf 88' lang='lat' dir='ltr'><strong>te</strong></span> <span class='ocrx_word' id='word_1_202' title='bbox 491 3139 616 3189; x_wconf 75' lang='lat' dir='ltr'><strong>exercebit.</strong></span> <span class='ocrx_word' id='word_1_203' title='bbox 650 3139 700 3187; x_wconf 84' lang='lat' dir='ltr'><strong>Hic</strong></span> <span class='ocrx_word' id='word_1_204' title='bbox 709 3139 839 3203; x_wconf 66' lang='lat' dir='ltr'><strong>preficitur</strong></span> <span class='ocrx_word' id='word_1_205' title='bbox 846 3138 915 3186; x_wconf 81' lang='lat' dir='ltr'><strong>rebus</strong></span> <span class='ocrx_word' id='word_1_206' title='bbox 928 3139 1027 3197; x_wconf 75' lang='lat' dir='ltr'><strong>agendis</strong></span> <span class='ocrx_word' id='word_1_207' title='bbox 1036 3135 1162 3197; x_wconf 73' lang='lat' dir='ltr'><strong>suffragiis</strong></span> <span class='ocrx_word' id='word_1_208' title='bbox 1173 3136 1246 3210; x_wconf 63' lang='lat' dir='ltr'><strong>dera-</strong></span> 
     </span>
     <span class='ocr_line' id='line_1_28' title="bbox 149 3198 1246 3274; baseline -0.005 -23"><span class='ocrx_word' id='word_1_209' title='bbox 149 3207 233 3251; x_wconf 76' lang='lat' dir='ltr'><strong>toruae.</strong></span> <span class='ocrx_word' id='word_1_210' title='bbox 268 3203 375 3264; x_wconf 74' lang='lat' dir='ltr'><strong>Repente</strong></span> <span class='ocrx_word' id='word_1_211' title='bbox 394 3217 451 3250; x_wconf 84' lang='lat' dir='ltr'><strong>eura</strong></span> <span class='ocrx_word' id='word_1_212' title='bbox 471 3205 568 3251; x_wconf 79' lang='lat' dir='ltr'><strong>moterlo</strong></span> <span class='ocrx_word' id='word_1_213' title='bbox 584 3203 705 3252; x_wconf 76' lang='lat' dir='ltr'><strong>anxietate</strong></span> <span class='ocrx_word' id='word_1_214' title='bbox 724 3208 836 3264; x_wconf 79' lang='lat' dir='ltr'><strong>penetrat</strong></span> <span class='ocrx_word' id='word_1_215' title='bbox 858 3202 909 3262; x_wconf 69' lang='lat' dir='ltr'><strong>eius</strong></span> <span class='ocrx_word' id='word_1_216' title='bbox 925 3202 1037 3249; x_wconf 78' lang='lat' dir='ltr'><strong>animum.</strong></span> <span class='ocrx_word' id='word_1_217' title='bbox 1069 3198 1148 3273; x_wconf 73' lang='lat' dir='ltr'><strong>Senex</strong></span> <span class='ocrx_word' id='word_1_218' title='bbox 1166 3199 1246 3274; x_wconf 72' lang='grc' dir='ltr'><strong>ἱιὺσνιεΙ</strong></span> 
     </span>
     <span class='ocr_line' id='line_1_29' title="bbox 151 3263 1247 3338; baseline -0.004 -23"><span class='ocrx_word' id='word_1_219' title='bbox 151 3281 232 3315; x_wconf 74' lang='lat' dir='ltr'><strong>rurore</strong></span> <span class='ocrx_word' id='word_1_220' title='bbox 248 3267 378 3330; x_wconf 67' lang='lat' dir='ltr'><strong>spernitur,</strong></span> <span class='ocrx_word' id='word_1_221' title='bbox 387 3272 412 3315; x_wconf 84' lang='lat' dir='ltr'><strong>et</strong></span> <span class='ocrx_word' id='word_1_222' title='bbox 430 3267 472 3330; x_wconf 80' lang='lat' dir='ltr'><strong>qui</strong></span> <span class='ocrx_word' id='word_1_223' title='bbox 484 3282 529 3315; x_wconf 84' lang='lat' dir='ltr'><strong>uorr</strong></span> <span class='ocrx_word' id='word_1_224' title='bbox 538 3266 607 3316; x_wconf 85' lang='lat' dir='ltr'><strong>habet</strong></span> <span class='ocrx_word' id='word_1_225' title='bbox 617 3268 733 3316; x_wconf 73' lang='lat' dir='ltr'><strong>heredem</strong></span> <span class='ocrx_word' id='word_1_226' title='bbox 736 3266 772 3330; x_wconf 76' lang='lat' dir='ltr'><strong>fit</strong></span> <span class='ocrx_word' id='word_1_227' title='bbox 783 3267 863 3328; x_wconf 78' lang='lat' dir='ltr'><strong>predo</strong></span> <span class='ocrx_word' id='word_1_228' title='bbox 874 3265 1001 3328; x_wconf 80' lang='lat' dir='ltr'><strong>captatoris</strong></span> <span class='ocrx_word' id='word_1_229' title='bbox 1012 3265 1184 3338; x_wconf 75' lang='lat' dir='ltr'><strong>heredrtutapr.</strong></span> <span class='ocrx_word' id='word_1_230' title='bbox 1217 3263 1247 3311; x_wconf 72' lang='lat' dir='ltr'><strong>St</strong></span> 
     </span>
     <span class='ocr_line' id='line_1_30' title="bbox 152 3330 1247 3394; baseline 0.001 -16"><span class='ocrx_word' id='word_1_231' title='bbox 152 3330 219 3378; x_wconf 77' lang='lat' dir='ltr'><strong>rtem</strong></span> <span class='ocrx_word' id='word_1_232' title='bbox 236 3345 323 3394; x_wconf 76' lang='lat' dir='ltr'><strong>poree,-</strong></span> <span class='ocrx_word' id='word_1_233' title='bbox 346 3330 460 3380; x_wconf 84' lang='lat' dir='ltr'><strong>labrralde</strong></span> <span class='ocrx_word' id='word_1_234' title='bbox 476 3331 586 3380; x_wconf 73' lang='lat' dir='ltr'><strong>umrdr’a</strong></span> <span class='ocrx_word' id='word_1_235' title='bbox 606 3330 717 3393; x_wconf 73' lang='lat' dir='ltr'><strong>iufamia.</strong></span> <span class='ocrx_word' id='word_1_236' title='bbox 755 3330 804 3380; x_wconf 87' lang='lat' dir='ltr'><strong>Sed</strong></span> <span class='ocrx_word' id='word_1_237' title='bbox 824 3331 845 3380; x_wconf 85' lang='lat' dir='ltr'><strong>ri</strong></span> <span class='ocrx_word' id='word_1_238' title='bbox 859 3330 910 3394; x_wconf 78' lang='lat' dir='ltr'><strong>flas</strong></span> <span class='ocrx_word' id='word_1_239' title='bbox 927 3331 1016 3394; x_wconf 77' lang='lat' dir='ltr'><strong>largus,</strong></span> <span class='ocrx_word' id='word_1_240' title='bbox 1036 3342 1169 3394; x_wconf 71' lang='lat' dir='ltr'><strong>aspergeres</strong></span> <span class='ocrx_word' id='word_1_241' title='bbox 1191 3333 1247 3379; x_wconf 81' lang='lat' dir='ltr'><strong>nota</strong></span> 
     </span>
    </p>
   </div>
   <div class='ocr_carea' id='block_1_5' title="bbox 613 3472 790 3492">
    <p class='ocr_par' dir='ltr' id='par_1_12' title="bbox 613 3472 790 3492">
     <span class='ocr_line' id='line_1_31' title="bbox 613 3472 790 3492; baseline 0.011 -2"><span class='ocrx_word' id='word_1_242' title='bbox 613 3472 628 3490; x_wconf 67' lang='grc' dir='ltr'>θ</span> <span class='ocrx_word' id='word_1_243' title='bbox 645 3472 790 3492; x_wconf 67' lang='lat' dir='ltr'><strong>noeoeane</strong></span> 
     </span>
    </p>
   </div>
   <div class='ocr_carea' id='block_1_6' title="bbox 151 3569 1355 3702">
    <p class='ocr_par' dir='ltr' id='par_1_13' title="bbox 151 3569 1355 3702">
     <span class='ocr_line' id='line_1_32' title="bbox 152 3569 1245 3636; baseline -0.005 -13"><span class='ocrx_word' id='word_1_244' title='bbox 152 3575 205 3623; x_wconf 79' lang='lat' dir='ltr'><strong>bie.</strong></span> <span class='ocrx_word' id='word_1_245' title='bbox 216 3573 310 3623; x_wconf 76' lang='lat' dir='ltr'><strong>codiee</strong></span> <span class='ocrx_word' id='word_1_246' title='bbox 319 3571 417 3621; x_wconf 83' lang='lat' dir='ltr'><strong>‘Pollius</strong></span> <span class='ocrx_word' id='word_1_247' title='bbox 429 3586 477 3636; x_wconf 92' lang='lat' dir='ltr'><strong>pro</strong></span> <span class='ocrx_word' id='word_1_248' title='bbox 488 3571 565 3635; x_wconf 76' lang='lat' dir='ltr'><strong>aspice</strong></span> <span class='ocrx_word' id='word_1_249' title='bbox 580 3578 604 3621; x_wconf 88' lang='lat' dir='ltr'><strong>et</strong></span> <span class='ocrx_word' id='word_1_250' title='bbox 619 3573 659 3633; x_wconf 86' lang='lat' dir='ltr'><strong>cd,</strong></span> <span class='ocrx_word' id='word_1_251' title='bbox 680 3571 747 3636; x_wconf 90' lang='lat' dir='ltr'><strong>quod</strong></span> <span class='ocrx_word' id='word_1_252' title='bbox 763 3579 802 3621; x_wconf 86' lang='lat' dir='ltr'><strong>est</strong></span> <span class='ocrx_word' id='word_1_253' title='bbox 818 3572 845 3620; x_wconf 92' lang='lat' dir='ltr'><strong>in</strong></span> <span class='ocrx_word' id='word_1_254' title='bbox 856 3570 1050 3634; x_wconf 76' lang='lat' dir='ltr'><strong>volgatis-42</strong></span> <span class='ocrx_word' id='word_1_255' title='bbox 1064 3570 1147 3618; x_wconf 85' lang='lat' dir='ltr'><strong>Vetus</strong></span> <span class='ocrx_word' id='word_1_256' title='bbox 1165 3569 1245 3618; x_wconf 88' lang='lat' dir='ltr'><strong>liber:</strong></span> 
     </span>
     <span class='ocr_line' id='line_1_33' title="bbox 151 3634 1355 3702; baseline -0.006 -14"><span class='ocrx_word' id='word_1_257' title='bbox 151 3639 234 3700; x_wconf 63' lang='lat' dir='ltr'><strong>travia</strong></span> <span class='ocrx_word' id='word_1_258' title='bbox 247 3638 429 3702; x_wconf 62' lang='lat' dir='ltr'><strong>imma-er</strong></span> <span class='ocrx_word' id='word_1_259' title='bbox 446 3638 481 3686; x_wconf 77' lang='lat' dir='ltr'><strong>Ar</strong></span> <span class='ocrx_word' id='word_1_260' title='bbox 498 3637 514 3683; x_wconf 84' lang='lat' dir='ltr'><strong>l.</strong></span> <span class='ocrx_word' id='word_1_261' title='bbox 532 3635 668 3699; x_wconf 77' lang='lat' dir='ltr'><strong>legendum</strong></span> <span class='ocrx_word' id='word_1_262' title='bbox 688 3644 777 3685; x_wconf 87' lang='lat' dir='ltr'><strong>monet</strong></span> <span class='ocrx_word' id='word_1_263' title='bbox 796 3635 930 3687; x_wconf 81' lang='lat' dir='ltr'><strong>Graeriur:</strong></span> <span class='ocrx_word' id='word_1_264' title='bbox 949 3643 975 3685; x_wconf 83' lang='lat' dir='ltr'><strong>et</strong></span> <span class='ocrx_word' id='word_1_265' title='bbox 995 3636 1032 3684; x_wconf 85' lang='lat' dir='ltr'><strong>sie</strong></span> <span class='ocrx_word' id='word_1_266' title='bbox 1047 3634 1171 3686; x_wconf 83' lang='lat' dir='ltr'><strong>exhibent</strong></span> <span class='ocrx_word' id='word_1_267' title='bbox 1187 3635 1246 3686; x_wconf 83' lang='lat' dir='ltr'><strong>edd.</strong></span> <span class='ocrx_word' id='word_1_268' title='bbox 1353 3689 1355 3694; x_wconf 28' lang='lat'><strong>¹</strong></span> 
     </span>
    </p>
   </div>
   <div class='ocr_carea' id='block_1_7' title="bbox 647 3761 758 3814">
    <p class='ocr_par' dir='ltr' id='par_1_14' title="bbox 647 3761 758 3814">
     <span class='ocr_line' id='line_1_34' title="bbox 647 3761 758 3814; baseline 0.009 -1"><span class='ocrx_word' id='word_1_269' title='bbox 647 3761 758 3814; x_wconf 80' lang='lat' dir='ltr'>NOTAE</span> 
     </span>
    </p>
   </div>
   <div class='ocr_carea' id='block_1_8' title="bbox 131 3855 1251 4535">
    <p class='ocr_par' dir='ltr' id='par_1_15' title="bbox 151 3855 1251 4069">
     <span class='ocr_line' id='line_1_35' title="bbox 153 3855 1250 3921; baseline -0.007 -12"><span class='ocrx_word' id='word_1_270' title='bbox 153 3859 201 3909; x_wconf 80' lang='lat' dir='ltr'><strong>teti</strong></span> <span class='ocrx_word' id='word_1_271' title='bbox 212 3859 683 3909; x_wconf 66' lang='lat' dir='ltr'><strong>rutatotamieoruminterseeon·</strong></span> <span class='ocrx_word' id='word_1_272' title='bbox 721 3866 749 3908; x_wconf 85' lang='lat' dir='ltr'><strong>et</strong></span> <span class='ocrx_word' id='word_1_273' title='bbox 768 3858 884 3921; x_wconf 64' lang='lat' dir='ltr'><strong>pernox!</strong></span> <span class='ocrx_word' id='word_1_274' title='bbox 918 3858 950 3907; x_wconf 89' lang='lat' dir='ltr'><strong>In</strong></span> <span class='ocrx_word' id='word_1_275' title='bbox 969 3864 1058 3907; x_wconf 83' lang='lat' dir='ltr'><strong>vetere</strong></span> <span class='ocrx_word' id='word_1_276' title='bbox 1071 3855 1250 3914; x_wconf 83' lang='lat' dir='ltr'><strong>Onomastiee,</strong></span> 
     </span>
     <span class='ocr_line' id='line_1_36' title="bbox 151 3927 1251 3998; baseline -0.006 -16"><span class='ocrx_word' id='word_1_277' title='bbox 151 3936 295 3998; x_wconf 75' lang='lat' dir='ltr'><strong>spiratione</strong></span> <span class='ocrx_word' id='word_1_278' title='bbox 315 3935 475 3997; x_wconf 83' lang='lat' dir='ltr'><strong>metuebant,</strong></span> <span class='ocrx_word' id='word_1_279' title='bbox 499 3933 580 3984; x_wconf 82' lang='lat' dir='ltr'><strong>fuisse</strong></span> <span class='ocrx_word' id='word_1_280' title='bbox 602 3934 681 3983; x_wconf 89' lang='lat' dir='ltr'><strong>inter·</strong></span> <span class='ocrx_word' id='word_1_281' title='bbox 721 3933 832 3982; x_wconf 84' lang='lat' dir='ltr'><strong>Perdiur</strong></span> <span class='ocrx_word' id='word_1_282' title='bbox 857 3930 1006 3994; x_wconf 70' lang='lat' dir='ltr'><strong>raruptpwr:</strong></span> <span class='ocrx_word' id='word_1_283' title='bbox 1034 3932 1139 3980; x_wconf 83' lang='lat' dir='ltr'><strong>Pernox</strong></span> <span class='ocrx_word' id='word_1_284' title='bbox 1166 3927 1251 3976; x_wconf 74' lang='lat' dir='ltr'><strong>rand·</strong></span> 
     </span>
     <span class='ocr_line' id='line_1_37' title="bbox 155 4009 783 4069; baseline -0.002 -11"><span class='ocrx_word' id='word_1_285' title='bbox 155 4009 260 4061; x_wconf 77' lang='lat' dir='ltr'><strong>lectam.</strong></span> <span class='ocrx_word' id='word_1_286' title='bbox 722 4025 783 4069; x_wconf 59' lang='grc' dir='ltr'><strong><em>χιον.</em></strong></span> 
     </span>
    </p>

    <p class='ocr_par' dir='ltr' id='par_1_16' title="bbox 131 4079 1251 4535">
     <span class='ocr_line' id='line_1_38' title="bbox 185 4079 1251 4153; baseline -0.011 -15"><span class='ocrx_word' id='word_1_287' title='bbox 185 4092 217 4138; x_wconf 74' lang='lat'><strong>⁸4</strong></span> <span class='ocrx_word' id='word_1_288' title='bbox 243 4087 341 4151; x_wconf 73' lang='lat' dir='ltr'><strong>lierda]</strong></span> <span class='ocrx_word' id='word_1_289' title='bbox 370 4087 534 4153; x_wconf 68' lang='grc' dir='ltr'><strong>Μισάνθρωπος</strong></span> <span class='ocrx_word' id='word_1_290' title='bbox 556 4089 609 4150; x_wconf 86' lang='lat' dir='ltr'><strong>ille,</strong></span> <span class='ocrx_word' id='word_1_291' title='bbox 636 4101 682 4137; x_wconf 87' lang='lat' dir='ltr'><strong>reu</strong></span> <span class='ocrx_word' id='word_1_292' title='bbox 753 4087 784 4131; x_wconf 80' lang='grc'><strong>45</strong></span> <span class='ocrx_word' id='word_1_293' title='bbox 804 4080 952 4145; x_wconf 83' lang='lat' dir='ltr'><strong>Captatoria]</strong></span> <span class='ocrx_word' id='word_1_294' title='bbox 968 4084 1010 4131; x_wconf 90' lang='lat' dir='ltr'><strong>De</strong></span> <span class='ocrx_word' id='word_1_295' title='bbox 1029 4079 1173 4144; x_wconf 74' lang='lat' dir='ltr'><strong>hujusmodi</strong></span> <span class='ocrx_word' id='word_1_296' title='bbox 1192 4094 1251 4143; x_wconf 85' lang='lat' dir='ltr'><strong>cap-</strong></span> 
     </span>
     <span class='ocr_line' id='line_1_39' title="bbox 154 4156 1250 4230; baseline -0.013 -14"><span class='ocrx_word' id='word_1_297' title='bbox 154 4166 400 4217; x_wconf 78' lang='lat' dir='ltr'><strong>bomiaumeuosor.</strong></span> <span class='ocrx_word' id='word_1_298' title='bbox 432 4167 517 4230; x_wconf 81' lang='lat' dir='ltr'><strong>Hujus</strong></span> <span class='ocrx_word' id='word_1_299' title='bbox 528 4165 645 4215; x_wconf 90' lang='lat' dir='ltr'><strong>meminit</strong></span> <span class='ocrx_word' id='word_1_300' title='bbox 656 4165 682 4213; x_wconf 90' lang='lat' dir='ltr'><strong>ln</strong></span> <span class='ocrx_word' id='word_1_301' title='bbox 723 4160 850 4209; x_wconf 85' lang='lat' dir='ltr'><strong>tatoribus</strong></span> <span class='ocrx_word' id='word_1_302' title='bbox 870 4171 957 4207; x_wconf 86' lang='lat' dir='ltr'><strong>renum</strong></span> <span class='ocrx_word' id='word_1_303' title='bbox 974 4156 1106 4216; x_wconf 89' lang='lat' dir='ltr'><strong>orborum,</strong></span> <span class='ocrx_word' id='word_1_304' title='bbox 1131 4156 1250 4204; x_wconf 86' lang='lat' dir='ltr'><strong>inhianti-</strong></span> 
     </span>
     <span class='ocr_line' id='line_1_40' title="bbox 154 4232 1250 4304; baseline -0.008 -14"><span class='ocrx_word' id='word_1_305' title='bbox 154 4241 292 4292; x_wconf 80' lang='lat' dir='ltr'><strong>Alcibiade</strong></span> <span class='ocrx_word' id='word_1_306' title='bbox 310 4241 478 4304; x_wconf 83' lang='lat' dir='ltr'><strong>Plutarchus,</strong></span> <span class='ocrx_word' id='word_1_307' title='bbox 494 4248 521 4291; x_wconf 85' lang='lat' dir='ltr'><strong>et</strong></span> <span class='ocrx_word' id='word_1_308' title='bbox 539 4239 619 4291; x_wconf 82' lang='lat' dir='ltr'><strong>fusius</strong></span> <span class='ocrx_word' id='word_1_309' title='bbox 639 4240 682 4289; x_wconf 89' lang='lat' dir='ltr'><strong>ad·</strong></span> <span class='ocrx_word' id='word_1_310' title='bbox 724 4238 871 4288; x_wconf 75' lang='lat' dir='ltr'><strong>busaliene</strong></span> <span class='ocrx_word' id='word_1_311' title='bbox 888 4233 1046 4295; x_wconf 72' lang='lat' dir='ltr'><strong>haereditati,</strong></span> <span class='ocrx_word' id='word_1_312' title='bbox 1064 4233 1121 4282; x_wconf 84' lang='lat' dir='ltr'><strong>ride</strong></span> <span class='ocrx_word' id='word_1_313' title='bbox 1133 4232 1250 4282; x_wconf 88' lang='lat' dir='ltr'><strong>Petronii</strong></span> 
     </span>
     <span class='ocr_line' id='line_1_41' title="bbox 153 4310 1250 4383; baseline -0.006 -16"><span class='ocrx_word' id='word_1_314' title='bbox 153 4319 239 4369; x_wconf 81' lang='lat' dir='ltr'><strong>hucin</strong></span> <span class='ocrx_word' id='word_1_315' title='bbox 251 4318 376 4369; x_wconf 83' lang='lat' dir='ltr'><strong>Antonio.</strong></span> <span class='ocrx_word' id='word_1_316' title='bbox 409 4317 585 4383; x_wconf 67' lang='lat' dir='ltr'><strong>lapidationis</strong></span> <span class='ocrx_word' id='word_1_317' title='bbox 597 4321 683 4366; x_wconf 87' lang='lat' dir='ltr'><strong>tamen</strong></span> <span class='ocrx_word' id='word_1_318' title='bbox 722 4314 869 4378; x_wconf 65' lang='lat' dir='ltr'><strong>satyricum</strong></span> <span class='ocrx_word' id='word_1_319' title='bbox 884 4310 1112 4371; x_wconf 85' lang='lat' dir='ltr'><strong>nbideCrotone;</strong></span> <span class='ocrx_word' id='word_1_320' title='bbox 1129 4318 1154 4360; x_wconf 82' lang='lat' dir='ltr'><strong>et</strong></span> <span class='ocrx_word' id='word_1_321' title='bbox 1167 4310 1250 4361; x_wconf 82' lang='lat' dir='ltr'><strong>Horu·</strong></span> 
     </span>
     <span class='ocr_line' id='line_1_42' title="bbox 154 4386 1249 4459; baseline -0.005 -15"><span class='ocrx_word' id='word_1_322' title='bbox 154 4396 229 4459; x_wconf 79' lang='lat' dir='ltr'><strong>hujus</strong></span> <span class='ocrx_word' id='word_1_323' title='bbox 239 4410 292 4445; x_wconf 91' lang='lat' dir='ltr'><strong>nou</strong></span> <span class='ocrx_word' id='word_1_324' title='bbox 303 4395 430 4446; x_wconf 84' lang='lat' dir='ltr'><strong>meminit.</strong></span> <span class='ocrx_word' id='word_1_325' title='bbox 724 4391 755 4439; x_wconf 89' lang='lat' dir='ltr'><strong>tii</strong></span> <span class='ocrx_word' id='word_1_326' title='bbox 773 4391 829 4438; x_wconf 87' lang='lat' dir='ltr'><strong>Sat.</strong></span> <span class='ocrx_word' id='word_1_327' title='bbox 838 4392 865 4439; x_wconf 80' lang='lat' dir='ltr'><strong>t.</strong></span> <span class='ocrx_word' id='word_1_328' title='bbox 878 4387 922 4436; x_wconf 90' lang='lat' dir='ltr'><strong>lib.</strong></span> <span class='ocrx_word' id='word_1_329' title='bbox 935 4401 965 4440; x_wconf 90' lang='lat' dir='ltr'><strong>rr.</strong></span> <span class='ocrx_word' id='word_1_330' title='bbox 976 4400 1033 4451; x_wconf 80' lang='lat' dir='ltr'><strong>qrrre</strong></span> <span class='ocrx_word' id='word_1_331' title='bbox 1045 4386 1152 4452; x_wconf 80' lang='lat' dir='ltr'><strong>incipit:</strong></span> <span class='ocrx_word' id='word_1_332' title='bbox 1170 4388 1178 4415; x_wconf 91' lang='lat'>‘</span> <span class='ocrx_word' id='word_1_333' title='bbox 1191 4387 1249 4439; x_wconf 77' lang='lat' dir='ltr'><strong>llos</strong></span> 
     </span>
     <span class='ocr_line' id='line_1_43' title="bbox 131 4464 951 4535; baseline -0.007 -13"><span class='ocrx_word' id='word_1_334' title='bbox 131 4510 135 4514; x_wconf 73' lang='grc'><strong>-</strong></span> <span class='ocrx_word' id='word_1_335' title='bbox 188 4477 221 4521; x_wconf 73' lang='lat' dir='ltr'><strong>stt</strong></span> <span class='ocrx_word' id='word_1_336' title='bbox 236 4471 349 4535; x_wconf 71' lang='lat' dir='ltr'><strong>rm]</strong></span> <span class='ocrx_word' id='word_1_337' title='bbox 372 4472 424 4522; x_wconf 87' lang='lat' dir='ltr'><strong>Per</strong></span> <span class='ocrx_word' id='word_1_338' title='bbox 451 4476 553 4520; x_wconf 87' lang='lat' dir='ltr'><strong>noctem</strong></span> <span class='ocrx_word' id='word_1_339' title='bbox 581 4466 684 4517; x_wconf 79' lang='lat' dir='ltr'><strong>durans.</strong></span> <span class='ocrx_word' id='word_1_340' title='bbox 724 4464 951 4533; x_wconf 80' lang='lat' dir='ltr'><strong>qnoque&#39;lireria.’</strong></span> 
     </span>
    </p>
   </div>
   <div class='ocr_carea' id='block_1_9' title="bbox 154 4543 685 4616">
    <p class='ocr_par' dir='ltr' id='par_1_17' title="bbox 154 4543 685 4616">
     <span class='ocr_line' id='line_1_44' title="bbox 154 4543 685 4616; baseline -0.011 -16"><span class='ocrx_word' id='word_1_341' title='bbox 154 4550 198 4600; x_wconf 77' lang='lat' dir='ltr'><strong>bie</strong></span> <span class='ocrx_word' id='word_1_342' title='bbox 208 4550 279 4616; x_wconf 82' lang='lat' dir='ltr'><strong>apud</strong></span> <span class='ocrx_word' id='word_1_343' title='bbox 292 4549 430 4614; x_wconf 78' lang='lat' dir='ltr'><strong>Apuleium</strong></span> <span class='ocrx_word' id='word_1_344' title='bbox 447 4553 561 4598; x_wconf 84' lang='lat' dir='ltr'><strong>nostrum</strong></span> <span class='ocrx_word' id='word_1_345' title='bbox 576 4543 685 4610; x_wconf 86' lang='lat' dir='ltr'><strong>‘perdia</strong></span> 
     </span>
    </p>
   </div>
   <div class='ocr_carea' id='block_1_10' title="bbox 0 0 1408 5234">
    <p class='ocr_par' dir='ltr' id='par_1_18' title="bbox 0 0 1408 5234">
     <span class='ocr_line' id='line_1_45' title="bbox 0 0 1408 5234; baseline 0 0"><span class='ocrx_word' id='word_1_346' title='bbox 0 0 1408 5234; x_wconf 95' lang='lat' dir='ltr'><strong> </strong></span> 
     </span>
    </p>
   </div>
  </div>
 </body>
</html>
