2806 5234
307 756 552 806 nrvnnsoauru
580 758 769 809 nrrsrous
792 760 843 811 an
867 762 1078 813 ausonius.
1177 748 1243 818 861
1317 812 1321 821 .

144 989 147 995 ’
239 990 463 1059 SBLEGTAE
495 989 764 1061 SYMMAGHI
796 995 864 1061 An
897 998 1156 1066 AUSONIUM

569 1095 828 1162 EPISTOLAE.

373 1227 426 1291 Ex
440 1228 586 1295 editione
601 1229 844 1311 LugdsBatav.
861 1250 915 1295 an.
931 1232 1027 1297 1653.

448 1396 472 1443 l.
504 1396 738 1446 SYMMACHUS
763 1397 887 1446 AUSON
894 1397 941 1445 10.

187 1488 304 1559 Parrs
319 1514 341 1561 a
354 1516 408 1560 me
423 1496 541 1564 literas
555 1499 735 1582 longiores.
781 1497 843 1562 Est
856 1498 922 1563 hoc
937 1498 972 1561 in
987 1515 1050 1560 uos
1065 1498 1135 1561 veri
1150 1515 1243 1562 amo·

143 1593 191 1658 ris
216 1594 388 1661 indicium.
431 1597 500 1663 Sed
529 1618 603 1680 ego,
627 1586 687 1682 'qni
711 1618 788 1663 sum
811 1598 1001 1682 paupertini
1025 1599 1092 1661 moi
1117 1599 1243 1682 ingenii

146 1695 315 1773 conscius,
341 1695 523 1764 Laconicas
537 1700 628 1765 malo
644 1700 778 1765 studere
793 1699 962 1776 brevitati,
977 1717 1077 1782 quarn
1096 1699 1242 1783 multiju·
1361 1703 1364 1709 ’

144 1795 197 1877 gis
220 1797 353 1879 paginis
377 1799 527 1864 infantiae
555 1802 697 1864 maciem
722 1801 909 1884 publicare.
955 1799 990 1864 N
995 1818 1034 1863 ee
1057 1799 1187 1875 mimm,
1212 1800 1243 1864 si

144 1896 270 1979 eloquii
285 1899 389 1963 nostri
405 1920 492 1966 vena
506 1908 645 1966 tenuata
657 1911 728 1981 est3
751 1901 990 1985 quamdudum
1012 1919 1115 1984 neque
1135 1899 1241 1964 ullius

143 1996 315 2079 poenam
341 2001 401 2076 tui,
426 2020 536 2084 neque
559 2003 763 2086 pedestrium
783 2003 989 2067 voluminum
1017 2001 1163 2066 lectione
1183 2001 1239 2084 ju-

144 2099 236 2163 visti.
281 2098 379 2165 Unde
404 2101 503 2182 igitur
529 2103 694 2167 sermonis
720 2104 786 2166 mei
806 2103 941 2186 longam
956 2102 1069 2186 poscis
1091 2121 1240 2179 usuram,

146 2200 203 2283 qui
225 2199 310 2265 nihil
330 2202 451 2266 literati
466 2202 606 2267 foenoris
619 2203 817 2269 credidistit
861 2202 992 2268 Volitat
1014 2211 1091 2268 tuus
1107 2199 1242 2265 Mosella

146 2319 205 2382 per
218 2320 339 2365 manus
355 2302 517 2385 sinusque
532 2302 723 2380 multomm,
738 2304 861 2368 divinis
877 2323 898 2367 a
911 2311 943 2369 te
959 2304 1113 2368 versibus
1125 2322 1242 2369 conse·

145 2409 277 2469 cratus:
299 2402 360 2467 sed
384 2409 510 2487 tantum
527 2412 645 2469 nostra
660 2424 719 2469 ora
735 2405 943 2487 praelabitur.
987 2404 1056 2468 Cur
1070 2423 1124 2467 mo
1140 2404 1241 2469 istius

144 2503 263 2581 libelli,
278 2523 408 2587 quaeso,
421 2512 591 2569 exsortem
607 2524 683 2570 esse
697 2504 857 2569 voluistil
903 2502 976 2567 Aut
986 2523 1103 2565 amusos
1119 2504 1182 2568 tibi
1194 2503 1242 2567 vi·

146 2603 261 2681 debar,
275 2605 332 2689 qui
347 2604 529 2688 dijudicare
551 2624 619 2668 non
634 2623 789 2688 possem3
813 2610 873 2668 ant
886 2610 977 2667 certe
991 2603 1168 2685 malignus,
1183 2604 1242 2686 qui

146 2704 285 2770 laudare
298 2707 473 2772 nescirem.
519 2706 643 2790 ltaque
658 2705 712 2770 vel
727 2706 859 2787 ingenio
884 2724 960 2769 meo
983 2704 1173 2788 plurimum,
1187 2703 1242 2770 rol

144 2805 303 2884 moribus,
324 2805 501 2892 derogasti.
547 2806 620 2888 Ego
638 2813 748 2870 tamen
771 2811 887 2869 contra
912 2805 1125 2870 interdictum
1148 2812 1240 2869 tuum

146 2925 226 2971 mox
240 2908 285 2973 ad
302 2907 396 2973 illius
417 2910 526 2992 operis
551 2927 673 2974 arcana
696 2908 855 2990 perveni:
879 2906 979 2970 velim
1005 2907 1139 2970 reticere
1162 2904 1242 2989 quid

144 3007 305 3071 sentiam:
327 3007 429 3070 velim
441 3008 482 3071 de
494 3017 528 3072 to
537 3009 631 3091 justo
642 3007 776 3071 silentio
791 3007 971 3071 vindicari:
988 3007 1048 3071 sed
1064 3005 1240 3071 admiratio

145 3105 353 3187 scriptomm
368 3124 500 3169 sensum
514 3106 634 3185 frangit
651 3107 790 3191 injuriae.
836 3105 927 3169 Novi
949 3106 1037 3167 enim
1057 3107 1157 3179 istum
1177 3105 1242 3166 tlu-

144 3208 252 3281 uium,
268 3224 345 3269 cum
361 3220 604 3270 AEruarroaurr
621 3207 842 3272 Parrrcrruar
860 3202 1061 3287 jampridem
1076 3202 1170 3283 sigua
1185 3219 1242 3265 eo·

146 3308 291 3383 mitarer,
308 3325 424 3390 parem
447 3306 578 3383 multis,·
599 3308 760 3392 imparem
785 3306 950 3369 maximis.
996 3303 1095 3366 Nunc
1117 3303 1242 3385 impro-

146 3408 222 3471 viso
238 3407 405 3472 clarorum
430 3426 584 3471 versuum
606 3407 768 3491 dignitate
788 3407 953 3490 AEgyptio
980 3403 1115 3468 Melone
1137 3404 1241 3488 majo·

147 3527 227 3584 rem,
243 3506 449 3590 frigidiorem
473 3509 632 3592 Scythico
654 3509 778 3584 Tanai,
794 3507 1034 3589 clarioremque
1049 3505 1111 3569 hoc
1126 3510 1241 3569 nostro

147 3610 306 3692 populari
322 3609 453 3674 Fucino
463 3609 653 3674 reddidisti.
697 3608 919 3692 Nequaquam
933 3608 992 3671 tibi
1008 3605 1186 3683 crederem,
1197 3604 1240 3668 de

147 3710 305 3777 Mosellae
322 3717 396 3776 ortu
411 3731 451 3776 ac
464 3718 576 3776 meatu
589 3730 713 3794 magna
727 3711 889 3791 narranti;
912 3710 977 3774 nisi
992 3716 1085 3773 certo
1105 3708 1239 3786 scirem,

148 3813 241 3896 quod
268 3834 331 3879 neo
359 3815 394 3878 iu
423 3812 581 3897 poemate
611 3815 796 3878 mentiaris.
846 3812 947 3876 Unde
976 3810 1034 3874 illa
1063 3809 1242 3873 amicorum

148 3914 292 3998 piscium
317 3916 475 3979 examina
502 3915 679 3997 reperistil
705 3934 807 3999 quam
825 3912 1019 3978 nominibus
1042 3911 1148 3985 varia,
1172 3915 1242 3973 tam

147 4016 336 4096 coloribus;
359 4019 398 4079 ut
411 4014 636 4098 magnitudine
652 4014 824 4090 distantia,
847 4014 897 4078 sic
913 4032 1054 4095 sapore;
1078 4030 1155 4094 quae
1169 4011 1242 4094 pig·

147 4119 270 4182 mentis
284 4119 385 4182 istius
400 4115 565 4182 Carminis
580 4137 681 4202 supra
696 4124 826 4181 naturas
849 4115 939 4179 dona
958 4113 1091 4177 incasti.
1134 4109 1242 4195 Atqui
1281 4140 1288 4151 ·

147 4219 184 4282 in
199 4218 266 4282 tuis
279 4219 404 4283 mensis
416 4237 509 4301 saepe
525 4224 688 4303 versatus,
709 4217 962 4301 completaque
978 4214 1055 4291 alia,
1072 4231 1146 4297 quoe
1162 4218 1242 4283 tnnc

146 4320 184 4382 in
199 4318 361 4384 Praetorio
377 4326 481 4396 erant,
506 4320 579 4382 esui
602 4317 736 4402 objecta
749 4317 902 4394 mirarer;
925 4334 1094 4397 nunquam
1108 4315 1172 4379 hoe
1187 4331 1242 4397 go-

149 4440 213 4487 uus
229 4421 374 4504 piscium
389 4418 601 4503 deprehendi.
646 4417 793 4495 Quando
816 4415 851 4479 hi
877 4416 993 4499 pisces
1017 4415 1051 4477 in
1073 4414 1160 4478 libro
1180 4414 1242 4479 tibi

150 4522 220 4588 nati
235 4527 325 4599 sunt,
339 4521 397 4603 qui
422 4521 457 4585 in
481 4518 621 4584 ferculis
634 4537 701 4583 non
716 4517 871 4583 fueruntl
914 4514 1033 4581 Jocari
1053 4535 1106 4580 mc
1130 4521 1240 4601 putas,
