2806 5234
551 738 601 786 ru
625 738 834 788 susumus.
1176 726 1240 794 867

146 887 186 946 ut
201 899 294 963 smpe
308 879 471 964 prodaris.
515 880 612 945 Certe
639 882 776 964 aliquod
800 882 1053 975 didpscalioum,
1077 903 1140 947 seu
1164 906 1240 967 pro·

147 983 322 1066 trepticum
344 989 461 1046 nostro
484 1001 618 1066 quoque
640 983 764 1046 uomiui
792 983 932 1048 Carmen
955 981 1121 1065 edjudicu.
1168 986 1239 1050 Fac

147 1083 331 1166 periculum
346 1082 467 1146 silentii
482 1083 557 1159 mei,
573 1083 665 1166 quod
681 1085 744 1149 etsi
759 1084 823 1148 tibi
837 1083 996 1149 exhibere
1011 1093 1105 1167 opto,
1126 1093 1239 1149 mmon

147 1184 312 1268 spondere
326 1203 391 1248 uon
406 1185 527 1248 audeo.
571 1185 664 1250 Novi
680 1205 758 1268 ego,
775 1205 853 1270 quae
865 1186 912 1250 sit
920 1186 1054 1269 prurigo
1067 1187 1239 1251 emittendi

148 1287 275 1370 operis,
290 1286 380 1369 quod
396 1291 433 1350 tu
447 1288 613 1371 probaris.
659 1287 747 1352 Nom
763 1287 909 1371 quodam
930 1292 1029 1371 puoto
1049 1288 1240 1353 societatem

146 1386 258 1451 lsudis
274 1386 422 1464 allectot,
433 1387 491 1470 qui
507 1388 617 1452 alieno
630 1390 715 1454 boue
731 1389 824 1453 dictu
838 1390 966 1471 primus
991 1389 1148 1452 enuntiet
1190 1389 1242 1455 Eu

147 1494 285 1572 propter
298 1489 332 1552 in
347 1489 525 1555 comoediis
546 1496 743 1555 summatem
767 1488 897 1575 quidem
912 1489 1050 1571 gloriam
1063 1489 1242 1573 scriptores

150 1589 312 1654 tulerunt:
335 1589 466 1655 Roscio
480 1597 603 1669 tamen,
618 1599 722 1674 etque
737 1590 907 1666 Ambivio,
928 1590 1114 1672 ceterisque
1129 1598 1243 1656 sucto-

149 1691 251 1770 ribus,
266 1691 357 1755 suma
370 1711 436 1756 nou
450 1691 566 1757 detuit.
608 1692 699 1776 Ergo
719 1693 782 1757 tali
803 1692 937 1773 negotio
959 1690 1112 1774 expende
1136 1693 1243 1755 otium
1355 1705 1358 1711 ’

149 1800 255 1872 tuum,
271 1799 306 1856 et
320 1793 417 1858 novis
431 1794 655 1859 uoluminibus
665 1794 798 1880 jejunia
810 1801 926 1857 nostra
941 1798 1100 1856 sustento
1139 1790 1243 1870 Quod

150 1894 181 1959 si
199 1895 377 1977 jactantiae
400 1894 691 1978 fugnxgmqum
710 1896 857 1962 iudicem
876 1894 1097 1977 pertimescis,
1120 1899 1243 1976 proeste

148 1993 251 2059 otiam
274 1995 441 2060 silentium
467 1996 560 2074 milri,
582 2005 621 2061 ut
646 2003 718 2063 tuto
742 1995 898 2061 simulem
921 2013 995 2058 esse
1020 2001 1140 2072 nostro,
1162 2013 1239 2078 quae

152 2098 339 2182 scripseris.
362 2094 485 2161 Vsus.

193 2389 365 2456 PONTII
389 2389 599 2457 MEROPII
622 2387 827 2557 liAggslNI
849 2388 916 2455 Au
939 2387 1198 2457 AUSONIUM

572 2493 633 2557 ΕΡ
656 2493 679 2557 S
744 2492 831 2557 LAE.

494 2624 549 2689 Ex
572 2622 653 2686 edit.
676 2621 787 2687 Paris.
807 2619 903 2685 1685.

155 2740 305 2820 Paulino,
327 2753 509 2828 armogeni
524 2742 558 2804 in
579 2740 619 2804 H
619 2741 751 2824 ispanio,
765 2751 825 2803 tres
843 2735 936 2801 simul
949 2736 1082 2802 Ausonii
1099 2735 1244 2822 Epistoic

194 2841 320 2909 reddita
333 2854 414 2908 sunt.
447 2843 576 2918 Primo,
589 2840 688 2905 tertio
698 2861 763 2926 qus
774 2837 941 2915 intercidit,
951 2848 980 2902 et
992 2849 1112 2925 quarto
1122 2862 1242 2925 respon·

192 2944 245 3010 det
274 2944 430 3008 Paulinus
450 2944 502 3011 loc
531 2943 678 3008 Carmine
704 2963 785 3005 unno
808 2941 883 3006 393.
904 2939 1029 3026 scripto,
1059 2941 1143 3027 quod
1161 2943 1241 3007 inter

197 3046 330 3129 ejusdem
345 3047 488 3128 polimutu
506 3046 652 3110 dommum
671 3043 811 3108 tabemr.

482 3231 506 3278 1.
529 3222 692 3280 susorub
717 3228 923 3279 reuulsus

153 3336 319 3416 Quium
335 3333 424 3399 redit
437 3332 528 3397 duris
541 3333 614 3397 baec
623 3332 695 3415 jam
709 3329 915 3394 messoribus
930 3334 1044 3402 restas,

195 3437 241 3502 Et
254 3437 351 3502 toties
366 3454 452 3500 cauo
467 3436 585 3499 brume
598 3434 673 3516 gelu
686 3433 801 3515 riguit,

155 3538 209 3605 Ex
223 3558 292 3622 quo
305 3538 399 3602 nullo
413 3524 470 3602 tuo
481 3536 561 3601 mibi
577 3536 674 3600 litera
688 3534 780 3599 veuit
794 3532 837 3595 ab
854 3549 923 3607 ore,

197 3639 302 3704 Nulla
314 3645 374 3704 tuo
387 3638 459 3703 uidi
473 3638 602 3720 scripto
614 3641 733 3699 notatu
746 3653 865 3698 manu:

184 3857 195 3902 1
218 3852 277 3903 Hoc
295 3852 395 3902 initium
413 3850 532 3900 versibus
554 3846 681 3907 Elepireis
720 3860 839 3896 necnon
862 3843 993 3908 vigesimo
1015 3846 1126 3907 quarto,
1142 3839 1169 3888 ln
1196 3852 1246 3903 qus

154 3928 291 3991 scriptum,
307 3927 388 3976 vetuti
408 3925 524 3989 quedem
546 3929 588 3972 est
609 3923 680 3972 Prte-
720 3921 879 3980 'lberssisrm
896 3917 999 3968 Psulioi
1015 3931 1130 3976 uxorem,
1147 3915 1245 3962 ‘True-

151 4001 227 4065 ittio,
249 4017 325 4067 quem
344 4007 487 4066 sequuntur
505 3997 613 4048 lumbioi
635 3998 680 4047 tri·
720 3991 962 4060 quilem'roesbtt.
993 3991 1061 4041 Hoc
1079 3997 1164 4038 tutem
1178 3989 1246 4036 Peu-

152 4078 232 4127 metri
258 4084 286 4127 et
314 4074 428 4136 dimetri,
453 4072 545 4138 quibus
565 4071 680 4121 Ausonio
719 4073 765 4121 lini
787 4071 911 4135 Epistola,
928 4082 1003 4133 quum
1023 4067 1120 4128 vulgati
1142 4062 1245 4114 codices

153 4153 278 4203 Protinus
289 4153 414 4202 rationem
425 4151 520 4212 reddit,
538 4163 584 4198 cur
598 4149 680 4198 Muris
720 4144 848 4198 triferium
868 4153 944 4194 nutes
959 4140 1121 4201 diuidebsut,
1137 4154 1187 4188 uns
1204 4139 1248 4189 de·

153 4226 318 4291 valedixerit,
335 4227 451 4291 bonoque
460 4224 597 4274 sbdiourit.
612 4222 681 4272 lom·
720 4222 766 4273 bet
785 4220 923 4280 uumenrt,
940 4217 1167 4280 complectiturque
1186 4214 1247 4264 Ele·

151 4304 226 4354 bicos
248 4311 390 4369 sequuntur
415 4299 570 4350 llexumetri
591 4299 682 4363 quibus
722 4299 831 4362 giacum,
858 4295 1009 4353 iambicum,
1043 4300 1070 4342 et
1105 4290 1247 4340 Heroicum

152 4394 246 4445 mpetu
258 4379 366 4429 Ausonii
376 4378 445 4426 diota
456 4372 582 4433 confutet,
599 4382 626 4423 et
642 4387 681 4422 re·
724 4372 844 4421 Carmen.
877 4368 952 4420 Quod
970 4368 1031 4417 rutis
1048 4369 1074 4416 iu
1094 4381 1140 4415 rus
1150 4362 1245 4415 Prote·

152 4456 266 4517 spondet
284 4454 413 4518 vigesimae
440 4452 537 4515 quinte
564 4446 682 4512 ejusdem
723 4442 1130 4505 tiouedeclsrstipsel’tulinus.

152 4531 287 4596 Epistola,
303 4544 335 4578 sc
356 4529 442 4578 tertie
461 4541 518 4591 quae
540 4525 681 4587 intercidit,
