2806 5234
400 813 555 865 uusuuu
582 788 848 866 enonassunes.
1104 800 1169 869 otu

82 974 157 1023 quam
179 959 299 1024 cuiqnam
315 957 426 1009 feeerit!
458 961 494 1008 D.
506 958 606 1020 Augus·
646 959 716 1007 ruuia
740 965 791 1019 eat,
818 960 929 1022 quietem
953 963 1170 1027 securitatemque

81 1037 150 1083 tinus
173 1036 217 1085 iiii.
238 1050 277 1085 ιι.
295 1035 328 1085 de
346 1037 403 1088 Cia.
418 1036 478 1097 Dei,
489 1051 511 1084 c.
526 1048 607 1085 xxiv.
647 1036 796 1097 cumpositis
807 1036 932 1087 cineribus
942 1041 1169 1101 comprecantium.

80 1110 175 1158 ‘Tales
187 1111 345 1161 Christianos
363 1112 531 1174 imperatores
545 1110 607 1159 dici·
646 1110 689 1160 Sic
701 1111 726 1158 iu
739 1111 911 1173 Inscriptione
928 1113 1019 1173 veteri,
1034 1116 1170 1176 quainter

82 1199 137 1232 mue
149 1199 206 1234 esse
222 1185 311 1236 felices
330 1186 432 1235 interim
450 1201 507 1250 ape,
517 1194 608 1250 postea
647 1188 781 1236 Cumarum
793 1196 821 1237 et
831 1187 978 1238 Javariunm
996 1186 1022 1235 iu
1037 1187 1171 1253 Huugaria

82 1277 111 1311 re
122 1264 177 1326 ipsa
188 1262 487 1328 inturua,eumid,quud
498 1277 606 1327 exspec·
647 1261 716 1310 iuter
740 1263 846 1326 antiqua
871 1261 965 1310 rudera
991 1269 1095 1324 reperta
1120 1273 1169 1326 est,

82 1345 173 1395 tamus,
186 1338 339 1388 advenerit)
356 1339 430 1388 Idem
440 1339 486 1389 lib.
500 1353 527 1389 x.
540 1340 607 1389 Cun-
646 1336 777 1386 ‘AEternae
790 1336 870 1401 quieti
890 1343 918 1386 et
935 1345 1066 1399 perpetua
1077 1340 1170 1387 securi·

81 1414 141 1465 t'eas.
160 1416 211 1463 ‘Et
231 1422 300 1476 suut,
322 1415 366 1479 qui
383 1430 429 1478 spe
450 1414 521 1464 beati
537 1420 606 1464 suot.
647 1412 705 1463 tatt'
717 1414 839 1476 reperias.
856 1412 907 1462 Sed
920 1411 1063 1461 adscribam
1075 1420 1170 1474 tutum3

81 1487 206 1537 Inferiore
216 1489 290 1537 modu
300 1489 447 1539 iatihabent
456 1504 606 1553 eam‚qnam
646 1488 698 1536 imo
709 1488 795 1551 potius
806 1488 947 1551 Epistulam
964 1487 1089 1550 integram
1106 1487 1172 1537 insa·

81 1565 130 1625 iiii,
141 1565 184 1628 qui
199 1565 254 1627 jam
266 1580 293 1614 re
305 1566 361 1629 ipsa
373 1564 443 1614 beati
455 1572 522 1616 euut.
554 1564 606 1614 Sed
647 1578 777 1627 rumque
797 1562 830 1612 alr
847 1562 1013 1613 adulescente
1031 1573 1093 1611 tunc
1109 1569 1172 1612 tem·

82 1648 167 1689 tamen
180 1642 298 1691 meliores
310 1656 386 1706 qnam
398 1641 444 1704 ilii,
454 1641 497 1706 qni
509 1655 558 1690 ueu
569 1654 607 1701 re,
646 1642 717 1705 poris
727 1656 851 1691 annorum
865 1641 970 1690 circiter
987 1639 1079 1703 viginti
1090 1640 1173 1703 scrip-

81 1729 129 1765 uec
141 1730 186 1778 spe
198 1717 267 1765 beati
279 1717 358 1766 sunt!
646 1726 682 1781 ta,
693 1732 740 1768 uec
751 1718 862 1781 ingrata,
872 1724 901 1766 nt
913 1731 998 1781 aperu,
1009 1718 1111 1777 lecturi,
1123 1731 1171 1766 nec

111 1792 604 1855 uPytlugurei....trumitiureutansuium]
645 1794 814 1843 inutiliterlt.
848 1791 983 1856 Desungar
996 1791 1173 1857 simulofflcio,
1239 1799 1243 1803 '

80 1865 146 1915 Vide
159 1868 268 1916 Carmen
286 1869 396 1932 Virgilio
407 1869 562 1933 inscriptum
573 1868 606 1917 de
645 1869 846 1921 munificentiam
867 1884 929 1932 erga
945 1883 986 1918 me
1003 1869 1171 1918 illustrissimi

82 1940 170 1990 littere
179 1941 344 2007 Pythagorae.
371 1944 477 1996 Vinctus.
646 1961 677 1996 ac
689 1944 822 1994 fortissimi
837 1944 932 1994 Heruis
950 1945 1068 1995 Nacouat
1090 1945 1171 1994 Saar-

112 2017 228 2066 uSedem
241 2018 308 2083 faus]
332 2020 364 2068 Id
382 2029 433 2081 est,
450 2020 606 2084 sepulcrum.
647 2037 689 2072 ιιιι
701 2029 775 2086 grate
792 2035 1002 2072 commemorant.
1037 2020 1112 2070 Obiit
1121 2021 1171 2071 hoe

81 2091 149 2141 Nom
161 2093 305 2156 sepnicmm
322 2094 396 2144 sedes
408 2101 525 2154 vocatur,
537 2099 605 2142 teste
646 2097 757 2147 croatie
774 2096 965 2160 Hnugariseque
976 2094 1088 2144 lucidum
1100 2095 1171 2145 uidua

80 2169 170 2218 Servio
186 2169 221 2217 ad
243 2168 288 2218 lib.
304 2184 342 2219 vr.
366 2169 466 2220 AEneid.
486 2185 524 2220 vr.
547 2173 604 2219 1³2.
645 2181 796 2223 auteaunos
815 2173 950 2235 pauculus:
971 2172 1044 2235 cujus
1061 2171 1171 2222 virtutes

79 2243 208 2293 ‘Sedibus
226 2246 294 2295 huuc
316 2244 386 2295 refer
409 2253 470 2296 aute
494 2245 555 2308 ruia,
578 2253 606 2295 et
646 2255 674 2298 et
684 2247 762 2298 animi
782 2247 886 2310 decora,
905 2247 1080 2310 prudentiam,
1096 2247 1171 2298 furti·

80 2319 310 2384 coudesepuicru!
342 2321 606 2380 BeuereruServius,
645 2324 769 2384 tudinem,
788 2324 961 2386 clementiam,
975 2322 1170 2388 liberalitatem,

80 2396 149 2458 quod
170 2395 255 2457 sedes,
271 2403 300 2445 nt
319 2397 369 2459 hic,
390 2397 472 2447 itaet
488 2397 521 2446 ad
537 2410 606 2448 vers.
645 2400 816 2449 eruditionem
827 2400 849 2449 si
861 2399 975 2449 tenuiter
992 2406 1094 2449 tautum
1106 2399 1173 2449 deii·

78 2475 136 2521 ³28.
159 2472 191 2522 de
213 2473 372 2524 naturalibus
394 2472 498 2522 aedibus
525 2471 606 2534 capit·
645 2475 708 2526 bare
726 2475 1172 2539 vulneru,uumpiureapagiuasim·

78 2546 168 2597 'l’errsa
188 2562 298 2612 namque
316 2548 427 2597 debetur
443 2561 537 2610 eorpus
548 2561 606 2596 nos·
645 2551 760 2614 plevem.
805 2551 961 2614 Lingnarum
980 2550 1084 2615 quidem
1103 2564 1171 2600 cour·

79 2628 165 2683 trusu;
188 2632 216 2672 et
237 2631 277 2673 est
296 2623 322 2672 id
341 2637 443 2688 quoque
460 2622 606 2687 antiqnisrl·
647 2625 757 2688 plurium
768 2625 805 2674 ita
816 2626 913 2674 culleus
925 2623 987 2687 suit,
998 2632 1027 2673 ιιι
1039 2624 1083 2688 qui
1099 2624 1171 2674 illum

78 2710 147 2747 mom
158 2700 297 2761 sepulture
307 2713 398 2764 genna,
408 2713 485 2764 quum
496 2697 605 2747 cadave·
645 2703 794 2766 ignorantes
812 2702 958 2767 loquentem
977 2701 1105 2763 audirent,
1117 2701 1172 2751 sive

78 2787 109 2821 ra
128 2787 179 2822 nou
198 2774 257 2837 igne
277 2782 485 2835 concremantur,
502 2774 547 2823 sed
568 2774 605 2822 in·
645 2777 689 2826 iiie
700 2791 789 2826 sensus
800 2792 859 2827 suus
870 2777 1031 2840 Huogarica,
1043 2778 1172 2837 crustica,

73 2849 149 2912 jecta
167 2849 243 2899 humo
263 2855 444 2913 conteguntur,
468 2856 496 2898 et
516 2848 605 2913 ‘quasi
643 2851 779 2902 slavonica
803 2853 892 2916 lingua
917 2853 1085 2917 exprimeret,
1100 2854 1171 2918 (qun

77 2923 237 2987 operimento
261 2925 367 2986 matria,’
392 2932 423 2974 ut
443 2925 481 2973 ait
501 2925 604 2985 cicero,
644 2926 755 2975 dialecto
778 2928 937 2990 potissimum
965 2927 1089 2993 variant)
1115 2929 1170 2978 sias

76 2999 268 3050 ‘obducuntnrl
283 2998 518 3049 RectePacuviua:
530 2997 603 3045 ‘Ms-
642 2999 807 3060 Germanica,
820 3001 922 3065 Latios,
939 3002 1043 3064 Italica,
1061 3003 1170 3053 Turulua

78 3081 120 3126 ter
136 3080 176 3121 eat
191 3075 281 3128 Terra,
297 3087 329 3122 ea
345 3074 414 3135 parit
430 3086 533 3136 eorpus,
549 3072 603 3120 ani·
643 3075 849 3137 proloqueretur,
857 3088 976 3136 quanam
986 3077 1037 3136 ipsi
1045 3090 1171 3123 vernacu-

78 3162 147 3198 maan
159 3146 376 3210 ethsrsdjugst!
406 3149 451 3207 Et,
468 3147 536 3196 nude
552 3147 605 3196 Pa·
643 3150 669 3196 ia
680 3145 756 3206 soret,
766 3145 934 3207 ambigerent.
967 3145 1171 3210 Derebuapraa·

79 3225 168 3276 cutim
188 3223 350 3273 transtulisse
370 3223 483 3284 videtur,
501 3223 604 3284 Euripi·
644 3224 713 3274 clare
724 3219 878 3284 gestisoiirii
892 3218 987 3269 dicam.
1018 3221 1081 3269 'l'am
1100 3221 1170 3270 euim

78 3300 141 3350 des:
154 3298 226 3348 'oter
243 3298 263 3347 u·
279 3295 381 3347 isumus
394 3296 542 3358 ebrludua
552 3295 605 3360 ipi-
644 3313 742 3358 earum,
758 3309 821 3361 quea
835 3294 868 3344 ab
878 3294 985 3343 ineunte
997 3293 1172 3346 adolescentia

78 3393 142 3438 sero,
159 3374 262 3424 'Errat'
279 3375 376 3433 daim
390 3374 480 3435 πνεῦμα
495 3372 605 3436 perper
643 3374 676 3424 ad
701 3375 762 3423 vitae
782 3384 862 3435 usque
885 3369 1019 3419 terminum
1046 3369 1170 3434 patravit,

78 3450 162 3516 «ilipa,
172 3450 205 3500 ’rt
215 3453 282 3511 calpa
292 3450 312 3499 t·
323 3449 355 3501 eir
365 3451 420 3512 γῆν.
454 3449 540 3513 liujus
551 3450 605 3513 upi·
644 3463 718 3516 quarn
729 3448 819 3511 nuperi
828 3461 886 3497 cum
897 3446 988 3496 Tuscis
997 3447 1023 3497 in
1034 3446 1168 3510 Huugaria

78 3526 159 3577 uluuia
169 3533 282 3575 assertor
292 3525 384 3575 Thalea
403 3522 464 3586 fnit,
481 3525 524 3588 qni
537 3523 605 3588 quud
644 3527 824 3578 beliisuocum
833 3523 941 3573 maxime
950 3523 1169 3590 duetuprudigutl

78 3616 169 3667 aqnam
181 3600 604 3665 rerumomniumpriuuipemesre
644 3601 792 3652 memoriam
812 3601 882 3649 nulia
909 3607 1052 3662 temporum
1070 3600 1170 3650 delebit

78 3677 189 3732 diceret,
199 3673 330 3725 obruenda
349 3689 456 3740 corpora
472 3675 604 3733 censebat,
644 3677 746 3742 injuris.
777 3677 831 3726 Vua
850 3682 935 3725 antem
951 3674 1060 3724 Sanum
1076 3675 1169 3724 Manes

79 3762 109 3803 ut
126 3760 232 3818 poscent
246 3752 352 3803 humore
369 3752 472 3802 rescivi.
503 3751 606 3801 ‘Sedis'
644 3753 742 3803 Arete:
765 3758 794 3801 et
810 3751 832 3800 si
848 3752 942 3800 sentire
955 3748 1032 3799 datur
1043 3757 1103 3813 pust
1114 3749 1169 3802 tata

79 3842 157 3893 porro
176 3827 301 3879 vocabulo
318 3834 415 3892 prater
429 3827 565 3877 Horatium
577 3835 606 3877 et
643 3830 746 3895 quietio,
761 3829 828 3877 hauc
838 3828 971 3878 illustriss.
988 3826 1076 3875 Vestri
1087 3827 1168 3876 nomia

79 3903 215 3968 Virgilium
241 3917 301 3952 usur
328 3910 370 3953 est
392 3903 489 3955 Noster
513 3902 603 3951 eadem
644 3906 683 3954 nis
709 3911 858 3968 pertenuem
889 3902 1168 3964 commemorationem,

79 3977 280 4043 significatione,
292 3978 378 4027 Germ.
393 3977 436 4027 iric
451 3977 497 4027 uit.
528 3976 604 4026 Cum·
645 3980 678 4030 ab
700 3979 784 4028 auimo
803 3985 886 4041 gratu,
908 3979 1061 4042 vestraeque
1079 3978 1166 4042 glorie

79 4070 184 4107 arentur.
205 4052 352 4105 Professor.
368 4054 478 4118 Burdig.
492 4052 604 4103 ‘Sedem
644 4053 803 4104 deditissimo
815 4052 961 4116 profectam
975 4055 1089 4105 volenter
1100 4055 1167 4106 aeet-

80 4133 204 4196 tepuicris
212 4139 298 4182 servet
306 4134 423 4182 immotus
431 4129 512 4181 cinis!
526 4131 604 4183 Quod
644 4131 709 4196 pite,
720 4142 750 4181 au
762 4136 887 4180 aternum
899 4129 1000 4179 Valete.

81 4207 128 4270 ait.
146 4207 256 4274 ‘quietis
272 4206 411 4272 Manibus,'
425 4220 440 4256 e
457 4207 542 4256 veteri
553 4204 604 4255 iur-
