2850 5256
159 732 224 796 726
624 739 782 792 ausuum

161 888 184 953 J
187 906 240 952 aru
255 885 471 950 succedentes
486 884 659 968 quatiebat
674 884 768 950 Luna
785 885 970 967 juvencas:

162 987 320 1050 Vincerat
334 993 371 1051 nt
385 986 537 1051 tenebras
550 985 668 1064 radiis,
690 987 782 1050 velut
796 983 917 1050 aemula
929 983 1052 1051 fratris.

163 1086 185 1151 J
188 1107 242 1150 am
257 1088 422 1163 volucres,
444 1087 677 1169 hominumque
693 1107 796 1169 genus
811 1088 997 1171 superabile
1011 1087 1115 1165 curis,
1230 1088 1250 1152 b

163 1187 356 1251 Mulcebant
370 1187 493 1270 placidi
509 1188 691 1269 tranquilla
706 1190 832 1252 oblivia
846 1189 966 1252 somni.

163 1285 378 1352 Transierant
393 1287 486 1365 Idus,
508 1287 638 1352 medius
654 1308 810 1371 suprema
824 1289 1014 1354 December

163 1387 333 1470 Tempora
347 1396 481 1451 venturo
495 1390 700 1470 properabat
715 1388 855 1470 jungere
869 1387 892 1452 J
895 1406 971 1450 auo.

166 1487 211 1552 Et
223 1507 328 1552 nouas
343 1488 493 1551 decimas
509 1489 551 1550 ab
566 1506 684 1551 senex
700 1486 800 1568 longa
815 1485 989 1551 Kalendas

170 1588 192 1653 J
195 1590 299 1671 ugiter
312 1588 414 1673 acciri
430 1587 630 1651 celebranda
644 1586 687 1650 ad
702 1586 789 1651 sesta
805 1587 954 1670 jubebat.
1215 1586 1258 1651 lo

212 1735 348 1811 Nescis,
361 1740 456 1816 puto,
468 1734 549 1817 quid
564 1736 660 1798 uelim
677 1743 729 1800 tot
743 1737 891 1799 versibus
903 1735 1023 1797 dicere.
1054 1734 1105 1798 11.
1123 1734 1258 1801 Mearm

167 1835 265 1899 fidius
293 1854 401 1918 neque
425 1836 508 1898 bene
534 1837 607 1917 ipse
633 1835 798 1915 intelligo:
829 1843 942 1898 tamen
968 1835 1138 1915 suspicor.
1181 1835 1258 1901 Jarn

167 1936 275 2019 prima
300 1955 369 1999 nox
392 1942 461 1998 erat
487 1943 564 1999 aute
591 1937 677 1999 diem
701 1956 818 1999 nonum
845 1935 1010 1996 decimum
1031 1932 1259 2001 Kalendarum

168 2035 413 2112 ianuariarum,
434 2054 511 2102 cum
535 2034 672 2099 redditae
697 2044 776 2103 sunt
799 2034 878 2097 mibi
904 2035 1009 2097 literae
1023 2039 1111 2098 tuae·
1131 2034 1258 2119 oppido

171 2156 269 2221 quam
282 2137 434 2202 literatae.
479 2136 533 2201 12.
557 2137 622 2199 His
634 2136 732 2218 longe
751 2134 1031 2218 jucundissimum
1046 2133 1169 2216 poiima
1183 2136 1260 2199 sub-

171 2238 316 2312 dideraS,
331 2236 420 2320 quod
437 2237 476 2300 de
492 2238 598 2300 tribus
608 2237 753 2300 Suetonii
765 2237 869 2314 libris,
882 2255 966 2318 quos
980 2234 1038 2298 ille
1051 2236 1094 2299 da
1108 2234 1262 2317 regibusb

172 2336 274 2414 dedit,
296 2339 328 2400 in
343 2338 506 2419 epitomen
521 2336 675 2418 coiigisti,
697 2344 792 2401 tanta
812 2336 985 2418 elegantia,
1007 2335 1101 2399 sulus
1123 2341 1162 2399 ut
1181 2336 1261 2401 mibi

174 2536 256 2586 Ibem:
265 2537 317 2596 jum
329 2538 398 2586 Luna
408 2538 515 2598 agitabat
527 2553 581 2586 suas
597 2537 664 2586 bures
676 2539 824 2587 mecedentes
835 2537 900 2586 Seli:
917 2541 945 2584 ut
960 2539 1080 2598 mperaret
1098 2532 1262 2583 obscuritate

172 2603 247 2649 nactis
257 2602 332 2649 radiis
341 2602 397 2656 aab,
413 2603 479 2663 quasi
489 2602 572 2650 rivalis
575 2601 666 2661 fratris
676 2603 721 2650 sui.
745 2603 873 2662 dumanas,
885 2598 1121 2660 sigenusbominsn
1212 2610 1263 2659 μ·

174 2664 248 2711 mitur
257 2665 451 2724 solicitudinibus,
467 2666 637 2713 deliniebantur
646 2665 744 2726 placidis
751 2665 903 2714 oblivionibus
913 2664 986 2725 quieti
995 2663 1095 2724 saporis.
1143 2663 1189 2710 dus
1198 2663 1264 2708 erni

174 2729 268 2788 elapsa,
283 2729 371 2774 medius
385 2728 643 2785 Decembersestinubat
654 2729 793 2788 coniungere
804 2730 866 2775 dano
877 2727 1010 2776 aduenienti
1023 2740 1067 2773 stra
1083 2731 1191 2774 extrem
1207 2729 1264 2772 tm·

172 2804 240 2850 pora
274 2791 307 2836 Et
319 2805 365 2836 nex
375 2791 443 2849 ionga
454 2791 585 2839 accersebat
597 2791 704 2839 continuo
716 2793 777 2839 diem
793 2793 906 2842 decimum
923 2805 1005 2838 nanum
1022 2795 1078 2838 ants
1088 2789 1213 2837 Kalendas
1220 2788 1264 2837 dn·

175 2853 270 2898 naariae
282 2854 312 2899 ad
323 2853 457 2900 celebranda
462 2855 529 2912 festu
541 2854 735 2902 saturnaliorum.

209 2915 317 2976 Ignoras,
333 2921 359 2961 ut
370 2915 483 2975 arbitror,
500 2918 554 2977 quid
566 2918 633 2965 celim
644 2918 774 2977 exprimere
786 2922 819 2964 tot
836 2917 947 2965 uersibus.
981 2918 1051 2965 Certe
1068 2930 1141 2978 nequ
1156 2930 1200 2976 ega
1218 2914 1267 2976 ipss

176 2984 213 3025 sat
224 2978 286 3024 scio:
303 2978 407 3040 suspicer
416 2980 575 3029 nibilominus.
608 2981 665 3027 dum
676 2981 800 3041 incipiebat
813 2998 860 3028 nox
876 2997 926 3043 quc
944 2980 1054 3042 precedit
1073 2980 1136 3026 diem
1154 2978 1266 3028 &sinan

176 3056 261 3090 nonum
273 3046 327 3089 unte
340 3044 459 3090 Kalendas
469 3045 606 3104 danuarius,
623 3058 674 3091 curn
684 3045 757 3091 alluta
768 3050 803 3092 est
813 3049 844 3093 ud
855 3060 890 3092 rrae
903 3045 1008 3105 Epistola
1029 3048 1070 3090 tua
1088 3058 1202 3105 peram
1217 3055 1267 3090 eru·

176 3105 235 3153 dita.
268 3106 429 3165 Subiunxeras
441 3108 477 3154 illi
490 3108 591 3155 Carmen
604 3108 671 3167 tange
681 3109 851 3168 cacuminum,
869 3111 929 3170 quod
940 3111 968 3155 de
979 3107 1055 3155 tribus
1070 3107 1139 3154 libris
1150 3104 1268 3164 mana,

178 3185 234 3231 quos
244 3169 284 3217 itte
294 3170 366 3218 edidit
380 3172 409 3220 ds
419 3171 521 3232 regibus,
536 3174 661 3219 coarctasti
671 3172 697 3220 in
707 3174 874 3234 compendium,
890 3178 957 3219 tauta
973 3175 1101 3232 cnsmtate,
1117 3175 1145 3218 nrt
1161 3175 1189 3218 ts
1208 3182 1268 3217 snus

670 3316 776 3364 NOTlE

211 3414 226 3457 8
245 3409 370 3463 Quatiebut
392 3409 459 3456 Luna
474 3407 598 3469 jurenses]
621 3409 703 3471 Supra
741 3410 865 3471 junxerat
878 3409 910 3458 de
924 3410 1035 3470 regibus.
1069 3409 1269 3458 Paulinianum

180 3484 263 3547 Epist.
274 3497 299 3531 v.
313 3484 344 3531 ad
353 3483 480 3532 ’l'beouem
492 3500 498 3531 ε
517 3486 524 3511 ‘
537 3483 625 3531 Tertia
641 3482 703 3531 fissi·
746 3486 849 3544 Litana,
860 3493 887 3532 et
899 3486 1014 3547 Epistola
1026 3499 1077 3547 qua
1089 3484 1120 3531 iis
1131 3484 1271 3546 respondet

181 3559 402 3621 pedeurenoravit
415 3560 483 3606 Luna
492 3557 637 3621 juvencas!
661 3558 703 3606 Aa
745 3558 884 3619 Ausonius,
901 3566 959 3608 ante
979 3573 1071 3607 aunum
1092 3557 1271 3621 altamripam

180 3635 543 3700 qriemversumvideuotata.
744 3630 858 3692 tuemur,
886 3646 936 3695 quo
961 3638 1071 3680 exeunte
1095 3631 1222 3680 Paulinus
1246 3631 1272 3679 in

211 3716 227 3759 9
245 3712 327 3758 Nonas
336 3711 438 3758 decimas
447 3745 453 3758 .
463 3747 468 3760 .
480 3745 485 3758 .
495 3711 627 3773 Kalendas]
645 3710 704 3758 Non
747 3707 896 3768 Hispaniam
911 3706 1026 3766 secessit,
1042 3712 1072 3754 ut
1083 3720 1110 3753 se
1121 3705 1272 3768 paulatim

182 3786 506 3836 raniendierodtnttan.
521 3786 618 3834 sediti.
639 3787 705 3834 cele.
746 3797 830 3830 rerum
848 3791 1006 3830 terrenarum
1023 3788 1158 3830 contemtu
1177 3780 1209 3829 nd
1226 3795 1274 3830 ce·

182 3859 250 3908 brari
268 3858 424 3921 incipiebant
443 3860 617 3908 excusarunt
638 3859 707 3909 edic·
747 3858 848 3905 lestium
871 3872 983 3925 amprem
1008 3859 1131 3918 erigeret.
1165 3857 1274 3906 Canum

182 3934 383 3993 tisSaturnalia5
402 3949 459 3998 qum
480 3933 546 3983 iusta
564 3934 603 3982 lric
623 3934 707 3982 innuit
747 3936 813 3983 euim
826 3949 857 3983 ex
870 3933 985 3995 ejusdem
1002 3931 1123 3981 Carmine
1137 3945 1167 3980 x.
1186 3946 1225 3980 vs.
1237 3935 1273 3981 lu.

182 4011 320 4059 Autronius.
367 4011 454 4058 Nonas
490 4010 602 4058 decimas
629 4011 708 4071 igitur
742 4012 861 4073 jamtum
876 4011 968 4067 illusis,
987 4007 1157 4069 Poiticlsque
1174 4005 1274 4055 Fabulis

184 4086 314 4135 Kalendas
326 4085 367 4134 bic
379 4099 428 4134 uon
440 4093 468 4133 ut
485 4085 551 4133 diem
570 4085 652 4148 ipsum
663 4085 707 4133 Su·
748 4086 848 4134 omnino
860 4085 1021 4133 valedixisse.

183 4162 361 4222 turualiorum,
379 4161 423 4208 sed
436 4160 612 4208 Saturnalibus
624 4161 709 4222 proni·
780 4160 791 4193 δ
809 4162 877 4215 Quod
888 4162 916 4208 de
927 4159 1003 4208 tribio
1014 4156 1123 4206 Suetonii
1134 4157 1214 4218 libris,
1222 4169 1274 4220 quas

183 4251 252 4284 mum
266 4236 342 4283 acciri
352 4235 383 4284 ab
395 4237 470 4299 longa
483 4237 526 4284 illa
537 4243 614 4284 nocte
634 4237 709 4284 intel·
748 4236 788 4284 iiie
805 4237 834 4283 de
851 4234 955 4296 regibus]
973 4235 1065 4296 Neque
1081 4233 1201 4281 Suetonii
1220 4230 1274 4280 libri

183 4313 314 4375 ligandum
326 4320 374 4360 est.
749 4313 782 4361 de
794 4311 897 4375 regibus
908 4310 984 4359 bodie
995 4315 1095 4364 entant,
1111 4322 1198 4373 neque
1216 4308 1274 4372 Epi·

216 4385 709 4449 ⁹·eumreaauasanimlttttreroeraoe]
750 4395 820 4436 tome
852 4388 951 4436 illorum
979 4398 994 4431 a
1022 4384 1133 4432 Paulino
1164 4383 1274 4434 venitus

184 4465 378 4514 interciderunt
400 4466 460 4526 illae,
487 4480 538 4514 arua
565 4474 592 4516 et
614 4467 710 4515 Poima
751 4466 857 4528 scripta.

186 4539 252 4602 quud
273 4540 304 4587 iis
321 4539 444 4589 Paulinus
462 4554 494 4588 cn
510 4542 633 4591 Suetonio
650 4540 708 4590 sub·
