2806 5234
440 758 594 807 snsouu
619 758 763 808 cunnus
788 761 918 811 nunus.
1134 747 1217 813 1021

129 910 187 958 una
199 895 365 944 auernacnlis
373 894 443 945 Aries
454 895 562 957 diciturt
573 899 580 924 ¹
591 895 655 946 Are·
692 896 812 946 bonensis
839 898 1070 960 splendidissimum
1093 899 1217 962 oppidum

128 969 195 1018 late'
211 968 391 1032 aPompouio‚
407 970 544 1030 Strabone,
560 971 654 1029 Plinio,
693 971 815 1021 Rhodano
843 973 1000 1035 impositum,
1036 975 1218 1024 Mamiliarism

128 1043 286 1106 Tranquillo,
303 1043 474 1103 Marcellinn;
490 1043 653 1094 ‘Arelatem'
691 1046 787 1095 dictum
808 1044 895 1106 fuisse,
916 1046 1020 1108 primus,
1042 1050 1107 1110 qnod
1130 1051 1219 1110 sciam,

129 1119 316 1168 al’tolemteo.
347 1119 390 1168 Ab
407 1117 537 1168 Antonino
557 1127 653 1168 utrum·
691 1121 807 1184 Scaliger
829 1121 992 1169 observarit:
1021 1120 1080 1170 inde
1101 1124 1219 1189 sublege·

129 1208 190 1258 que,
206 1195 254 1243 uisi
267 1195 383 1244 ruendum
395 1196 429 1245 ait
446 1197 472 1244 iu
491 1196 567 1246 codd.
601 1196 655 1247 Aut
692 1205 750 1245 runt
768 1195 893 1256 ortelius,
910 1203 938 1243 et
957 1196 1076 1255 llernla3
1092 1205 1119 1247 et
1136 1200 1219 1250 credi·

127 1269 206 1331 igitur
217 1269 349 1319 emendari
369 1271 501 1331 convenit,
517 1272 556 1320 De
571 1273 654 1321 Areln·
690 1272 752 1320 dere
761 1270 1001 1333 adseveranti‚quia
1011 1270 1103 1333 lapidis
1111 1273 1218 1340 inscrip-

127 1344 189 1392 tensi
206 1344 279 1394 erbe:
302 1358 360 1393 uam
377 1345 410 1394 ab
422 1344 528 1394 Arelate
544 1346 653 1396 ‘Arela·
691 1345 711 1393 ti
736 1345 881 1394 testimonio
906 1346 1042 1394 niteretur.
1075 1345 1112 1395 At
1134 1347 1219 1407 bodie,

128 1420 207 1477 tensis
215 1420 222 1442 ’
231 1420 261 1470 fit
272 1421 350 1470 etiam
360 1420 521 1484 Symmacho,
538 1435 568 1469 ac
579 1421 653 1471 Sido·
690 1436 747 1470 cum
759 1421 842 1483 ipsum
855 1419 966 1483 lapidem
988 1422 1013 1469 iu
1025 1421 1139 1470 Grutero
1158 1423 1220 1473 mibi

127 1496 180 1558 uio,
198 1497 244 1546 sed
256 1505 283 1546 et
294 1499 380 1547 Plinio
390 1509 406 1544 ι·
416 1499 456 1547 rel
473 1497 554 1562 (quod
567 1499 654 1561 placet
690 1495 840 1558 contigisset
851 1495 989 1557 inspicere,
1005 1495 1132 1558 Scaliger,
1149 1498 1218 1560 quod

127 1571 222 1634 magis)
232 1572 393 1635 simpliciter,
408 1574 446 1622 Dc
456 1574 562 1623 Arelate.
596 1575 653 1632 Quo
691 1577 803 1620 monstro
815 1571 898 1619 simile
909 1577 959 1631 est,
975 1568 1079 1633 ἐφωράθη
1089 1570 1220 1632 perenm

129 1655 217 1695 tenore
233 1648 472 1711 eaeternsCatslogi
491 1648 548 1710 ejus
564 1662 653 1697 omues
690 1646 819 1708 ἀτυχήσας.
852 1647 983 1711 syllabam
994 1649 1062 1696 enim
1074 1662 1116 1697 usa
1132 1649 1218 1698 initia·

127 1720 265 1783 inscripsit.
299 1723 334 1770 Et
356 1729 385 1770 ut
413 1723 571 1785 probationis
600 1730 654 1772 tota
690 1723 1220 1787 leurvocabuli‚cujusreliquaobliterata

126 1796 205 1844 semel
217 1797 371 1858 ambiguitas
384 1798 500 1858 tollatur,
515 1798 541 1846 iu
553 1798 653 1860 Episto·
690 1810 749 1851 sunt
766 1804 791 1850 iu
809 1817 882 1860 saxo,
898 1817 955 1851 cum
979 1803 1097 1865 sequenti
1117 1803 1219 1866 integra

128 1869 196 1917 laad
210 1871 343 1918 Paulinum
355 1871 423 1920 idem
434 1886 538 1933 prorsus
549 1871 653 1921 chre-
691 1885 718 1926 et
732 1876 893 1940 significante
913 1877 1003 1925 roctrla
1022 1876 1219 1940 impertiueutar

126 1949 180 1998 late
191 1951 331 2009 invenient,
348 1950 391 2012 qui
406 1949 580 2012 diligentiores
596 1963 653 1998 cnr·
691 1953 840 2012 connexuit,
857 1951 923 2000 trude
934 1952 1052 2001 cbimaera
1068 1952 1111 2000 illa
1123 1952 1220 2002 Mastr-

126 2023 306 2086 rigeudisejos
318 2025 380 2072 locis
395 2038 452 2073 esse
471 2025 568 2072 velint:
587 2024 653 2072 ‘Ut-
691 2040 790 2076 staats
809 2028 897 2076 exivit.
931 2028 1002 2075 Ecca
1026 2033 1112 2074 antem
1135 2027 1219 2088 ipsum

128 2112 179 2161 que
207 2098 304 2161 duplex
336 2098 429 2147 Arelas
452 2096 553 2160 Alpium
583 2106 654 2148 tecta
691 2118 816 2150 marmor:
836 2100 1218 2152 ...Vsmruu...Avxtt.ts·

128 2175 236 2228 Viennae
259 2175 459 2238 Narbonemque
488 2176 543 2237 puri
570 2178 653 2240 spatio
692 2189 825 2225 strumum.
843 2189 947 2225 numo.
980 2176 1089 2225 Guntia
1108 2187 1219 2224 ....on

126 2249 175 2298 sibi
187 2250 317 2299 conserit)
349 2250 386 2299 llt
398 2252 497 2314 nequis
515 2265 564 2300 nou
584 2260 654 2315 post·
691 2250 829 2301 Auensrn.
845 2264 886 2300 rsa
987 2263 1130 2299 ursinum.
1151 2261 1217 2298 nost

127 2324 175 2374 bac
192 2325 342 2376 reformidet
360 2327 459 2375 antbori
479 2341 579 2376 manum
599 2328 654 2391 iuji·
690 2328 718 2376 S.
816 2327 854 2374 M.
871 2328 903 2375 P.
923 2326 945 2375 l.
979 2327 1059 2387 Cujus
1081 2339 1178 2385 seusus,
1195 2325 1218 2373 si

127 2413 194 2452 cere.
228 2401 413 2451 Peusitaudum
426 2415 486 2449 tero
498 2403 610 2451 nonnihil
626 2412 654 2452 et
690 2403 860 2463 suppleantur
879 2403 989 2461 laeuum,
1005 2401 1042 2450 nti
1061 2400 1217 2464 supplendas

127 2474 200 2536 illud,
224 2477 290 2539 quod
308 2491 391 2540 nuper
413 2477 439 2525 in
462 2484 534 2539 parte
557 2478 654 2528 codicis
690 2488 747 2523 esse
759 2490 853 2535 remur,
871 2476 929 2523 talis
941 2483 996 2524 est:
1013 2489 1059 2526 xv.
1077 2475 1218 2523 Consulatu

127 2566 178 2601 uon
190 2554 354 2616 aspernandus
370 2553 505 2601 vetustatis
525 2553 579 2602 bne
597 2555 654 2616 ipsa
691 2550 853 2608 Turonum,
870 2552 979 2613 quicum
992 2565 1016 2597 a.
1027 2548 1087 2597 Chr.
1099 2552 1157 2597 436.
1173 2561 1218 2597 co·

129 2627 167 2676 ita
175 2628 299 2690 legimns:
312 2629 394 2677 Paade
402 2630 487 2690 duplex
495 2630 593 2678 Arelate
603 2635 655 2679 tans
691 2624 789 2684 incidit,
810 2626 866 2673 Vsu
887 2627 1026 2675 lassamus
1049 2625 1219 2674 Avxrursnrs

127 2701 212 2751 blanda
237 2704 329 2765 laepita
348 2709 439 2765 metus,
458 2704 554 2753 Gaudia
580 2706 655 2755 Rom
689 2698 847 2762 (praenomen
860 2701 936 2762 euim,
953 2699 1021 2763 quod
1032 2699 1156 2749 detritum
1169 2707 1218 2762 est,

126 2777 220 2828 Arelas.
249 2777 655 2842 QunmNurboMnrtias,etguma
691 2773 806 2822 divinare
821 2774 934 2823 noudum
950 2772 1034 2837 potui)
1050 2774 1216 2833 Pras.Proet.

126 2855 218 2903 ,recolit
229 2854 323 2917 Alpinis
333 2855 441 2917 opulenta
453 2855 542 2903 Vim
559 2855 654 2905 camp,
692 2849 827 2898 Galliarum
842 2863 879 2898 ne
898 2849 1031 2898 Anneius
1050 2862 1217 2900 unumunurn

127 2927 225 2978 Quibus
245 2930 326 2977 omnis
342 2928 431 2990 series,
449 2935 541 2977 nutam
558 2929 654 2993 alioqui
689 2940 759 2988 smus
770 2940 897 2976 ultianus
907 2926 963 2989 posi
979 2940 1022 2974 sno
1034 2927 1135 2988 monnio
1149 2940 1218 2975 carn·

127 3008 155 3048 et
166 3002 324 3062 subagrestis
339 3010 425 3060 antea,
441 3001 540 3062 regitur
555 3016 585 3050 ac
606 3003 651 3050 mi·
688 3001 734 3048 nit.
767 3002 796 3049 C.
809 3001 942 3049 Gracc-bus
959 3001 1011 3049 lata
1030 3001 1088 3064 lege
1098 3002 1217 3063 Sempro-

128 3074 213 3123 tescit.
245 3073 416 3133 Proximeque
434 3071 536 3118 accedit
552 3072 653 3118 Claudii
690 3072 734 3116 nia
758 3074 789 3118 de
816 3074 863 3118 riis
885 3073 1041 3131 sternendis,
1064 3072 1219 3134 muniendis,

128 3147 219 3197 Rutilii
246 3145 385 3203 aemulatio,
412 3141 511 3190 Urbem
547 3142 653 3189 Romam
692 3139 837 3188 reficiendis
857 3142 1013 3198 instituerat,
1036 3148 1065 3190 nt
1088 3143 1217 3205 lapidibus

128 3221 297 3286 alloquentis:
314 3216 423 3266 ‘Pande
442 3229 534 3277 precor
553 3217 654 3278 gemino
691 3222 762 3263 certa
770 3228 887 3263 mensura
895 3214 982 3277 positis
990 3222 1141 3263 notarentur
1150 3217 1218 3267 milia

127 3297 258 3359 placatum
271 3294 376 3342 Castore
389 3298 501 3355 portum,
517 3291 654 3353 Temperet
691 3303 821 3352 passuum,
841 3296 867 3338 et
890 3289 963 3352 sigup
983 3289 1127 3350 spaniorum
1148 3292 1219 3340 coln·

129 3368 338 3434 equoream-dux
350 3367 481 3430 Cytherea
498 3365 580 3414 riam!
613 3365 655 3415 lta
691 3364 783 3426 mellis,
800 3363 973 3428 quesiugulis
989 3364 1102 3412 miliariis
1119 3370 1216 3416 statne·

127 3448 194 3493 euim
223 3459 255 3493 ex
284 3451 386 3492 vetusto
421 3441 510 3490 codice
538 3441 654 3504 legimus.
690 3439 793 3500 bantur,
804 3439 989 3487 inciderentur.
1017 3438 1217 3489 EireiCurator

127 3521 237 3570 Portum
259 3527 344 3568 auteur
368 3517 513 3567 Ostiensem
535 3516 654 3579 iutelligi-
691 3515 799 3574 viarum,
820 3514 894 3576 cujus
917 3513 1012 3562 mentio
1034 3515 1102 3576 apud
1119 3515 1215 3566 Grute-

127 3610 194 3657 mns,
212 3595 285 3656 cujus
303 3593 421 3642 immania
441 3591 551 3655 vestigia
571 3590 653 3641 adbuc
691 3604 764 3638 rum:
783 3596 835 3638 tum
848 3588 1004 3652 quattuorviri
1017 3589 1112 3638 riarum
1124 3604 1215 3641 cursu-

128 3670 256 3720 videutnr.
273 3669 408 3718 decurritis.
691 3663 780 3713 darum
799 3663 847 3712 snb
866 3663 952 3726 lmpp.
974 3670 1001 3712 et
1022 3662 1048 3711 ln
1070 3665 1216 3728 municipiis

158 3744 255 3807 Arelas]
270 3743 420 3793 'l'beodorici
432 3741 499 3806 regis
509 3740 592 3791 ltaliae
613 3741 654 3790 lit·
692 3739 780 3788 sediles
792 3740 873 3788 creati
886 3745 953 3788 sunt.
986 3738 1041 3801 Ipsi
1059 3738 1144 3802 lmpp.
1162 3754 1215 3788 ma-

129 3825 192 3869 terae
215 3826 276 3870 suut
299 3819 368 3883 apud
386 3817 566 3868 Cassiodornm
589 3817 654 3867 libro
692 3815 822 3878 gistratus,
838 3821 866 3864 et
878 3813 924 3862 uiri
935 3813 1048 3862 illustres
1062 3813 1107 3861 viis
1119 3815 1214 3863 erersls

128 3895 215 3957 tertio,
232 3895 264 3942 de
284 3893 445 3958 reparatione
475 3903 602 3940 murorum
626 3899 655 3941 et
692 3897 719 3938 et
740 3890 867 3953 corruptis
889 3887 1067 3947 resarciendis,
1083 3887 1216 3937 dimetien-

128 3971 234 4019 turrium
247 3975 406 4018 vetustarum
416 3967 492 4030 hujus
502 3965 582 4016 urbia.
600 3965 655 4015 Cre·
691 3964 738 4026 dis,
754 3971 781 4012 et
792 3962 920 4028 signandis
932 3977 979 4025 per
991 3962 1134 4025 provincias
1146 3962 1216 4011 incn-

127 4058 169 4092 aar
201 4045 225 4092 in
249 4043 443 4092 Commentariis
467 4041 529 4091 belli
555 4040 654 4102 Ciuilis,
691 4039 811 4088 buerunt.
852 4039 925 4087 ldem
954 4039 1064 4087 studium
1090 4036 1216 4088 Praeteett

127 4117 286 4180 Ammianus,
306 4126 334 4167 et
351 4119 395 4166 alii
412 4117 547 4180 Historici,
564 4117 655 4167 Arela·
690 4116 799 4164 Praetor.
819 4114 958 4163 Galliarum
977 4112 1035 4174 suit,
1049 4112 1214 4162 commodita-

128 4200 182 4241 tem
205 4193 383 4243 celebraruut:
412 4207 488 4258 qnam
509 4199 538 4242 at
558 4207 574 4241 a
595 4207 654 4256 pro·
690 4190 759 4240 tibus
773 4188 970 4240 Prouincialium
982 4187 1090 4236 miliaria
1108 4187 1140 4236 ab
1150 4187 1215 4238 Ars·

129 4266 192 4330 priis
213 4269 309 4317 colonis
331 4268 460 4317 conditam
485 4282 542 4318 esse
563 4269 653 4319 scribit
690 4267 834 4329 latensque
846 4264 878 4312 ad
890 4262 1055 4324 Maritimam,
1069 4276 1127 4326 quae
1145 4262 1212 4312 colo·

129 4341 253 4391 Isidorus.
284 4344 355 4391 Arles
367 4341 436 4391 Galli
446 4342 522 4393 bodie
539 4344 653 4408 appella·
689 4341 732 4388 nia
742 4338 793 4388 t'uit
803 4345 830 4388 et
840 4339 900 4386 urbs
908 4337 1085 4397 Auaticorum,
1101 4337 1214 4387 Ptoleru.

129 4431 185 4465 mus
198 4417 289 4479 plurali
299 4431 369 4465 soce.
388 4415 495 4466 Viaetss.
689 4414 734 4464 lib.
753 4429 784 4464 u.
806 4420 897 4476 stagno
920 4427 966 4461 seu
986 4410 1060 4460 fossis
1080 4412 1215 4472 Marianis,

162 4498 174 4542 l
195 4492 284 4554 Pande,
293 4493 378 4556 duplex
387 4491 496 4554 Arelate]
510 4490 653 4554 Arelatem,
690 4503 768 4552 opera
780 4489 810 4537 C.
821 4487 899 4536 Marii
911 4487 978 4535 bello
992 4501 1049 4535 cnm
1060 4485 1168 4535 Cimbris
1185 4493 1214 4534 et

130 4570 295 4620 Sextanorum
307 4568 376 4630 olim,
391 4567 466 4618 bodie
477 4566 571 4618 Gallie
586 4567 653 4616 Nar·
689 4563 847 4615 Teutonibus
858 4577 873 4611 e
884 4560 1005 4611 llbodauu
1014 4561 1106 4624 ductis,
1115 4562 1213 4613 ermari
