2850 5256
355 39 539 359 Ι
652 39 1305 344 -

162 706 228 771 ost
631 715 787 765 susorur

165 863 378 929 Historiam:
403 880 596 946 quanquam
610 861 709 927 titulo
722 881 790 925 uon
806 861 907 943 digua
922 879 1039 925 sereno

163 964 280 1029 Anxia
292 972 485 1029 moestarum
501 962 598 1027 fuerit
613 964 821 1047 querimonia
835 981 952 1026 rerum.

162 1067 185 1131 J
188 1087 243 1130 am
256 1086 357 1149 super
370 1064 507 1149 egelidae
522 1065 713 1146 stagnantia
728 1071 822 1146 terga
837 1062 996 1127 Mosellae

163 1167 352 1231 Protulerat
363 1172 407 1244 te,
421 1174 510 1242 nate,
526 1172 635 1231 rates:
658 1168 840 1249 moestique
856 1166 1004 1249 parentis
1238 1168 1257 1230 5

163 1268 294 1333 Oscula
306 1276 343 1332 et
354 1269 530 1351 amplexus
546 1266 752 1331 discreverat
764 1267 899 1331 invidus
914 1266 1037 1331 amuis.

164 1369 266 1434 Solus
280 1389 361 1452 eg03
386 1376 422 1432 et
436 1367 589 1452 quamvis
604 1375 697 1431 coetu
713 1367 904 1433 celebratus
920 1366 1043 1442 amico,

164 1472 266 1536 Solus
281 1490 392 1537 eram:
415 1469 635 1554 profugaeque
650 1466 771 1531 dabam
786 1469 846 1551 pia
860 1476 942 1533 vota
954 1467 1089 1545 carinae,

164 1572 266 1637 Solus
281 1572 390 1636 adhuc
405 1577 451 1646 te,
464 1575 554 1646 uate,
569 1567 705 1632 videns:
727 1568 907 1652 celerisque
919 1568 1060 1633 remulci

162 1737 301 1786 ablutura:
318 1735 424 1798 mmsis
432 1735 525 1784 solicito
535 1737 627 1798 querela
637 1735 744 1785 tristium
758 1749 835 1783 rerum
854 1749 901 1784 sos
916 1737 1035 1782 mentm
1050 1733 1171 1798 pbcidsss
1179 1748 1257 1785 senes

162 1800 277 1850 Μανία.
308 1802 366 1848 dnm
376 1801 443 1848 suuis
459 1805 484 1849 te
502 1804 650 1862 praessum,
666 1815 680 1847 o
692 1799 745 1864 flii,
759 1814 828 1861 nuper
843 1799 894 1848 leue
906 1798 1026 1861 fluentum
1038 1799 1132 1859 frigidi
1142 1799 1257 1849 neem:

162 1870 187 1914 et
198 1864 290 1928 sisoius
304 1865 398 1913 invidus
406 1869 554 1926 separaverat
564 1865 652 1923 osculo,
667 1868 691 1911 et
701 1864 834 1925 complexus
842 1863 921 1911 tristis
928 1861 1046 1921 genitoris
1054 1863 1101 1911 tsi.
1134 1863 1190 1924 Ego
1199 1863 1257 1912 nte·

162 1942 226 1976 mom
234 1943 245 1985 ‚⁸
260 1934 284 1977 et
294 1943 424 1991 qrsuoqrsom
433 1928 558 1976 comitatus
567 1942 640 1976 asem
650 1928 718 1976 turbu
730 1928 865 1982 amborum,
881 1926 943 1973 solus
953 1933 1031 1974 turres
1042 1940 1124 1984 eram
1139 1932 1165 1975 et
1182 1940 1257 1990 prese·

161 1990 247 2054 quior
256 1998 322 2043 essu
330 1992 464 2055 fugdiours
472 1997 549 2040 rulers
555 1991 605 2055 piis
616 1992 686 2056 cotis,
699 1993 761 2040 solor
770 1991 846 2039 adbuc
855 1990 970 2053 aspiciens
980 1995 1012 2052 le,
1028 2005 1043 2037 o
1054 1989 1113 2054 flii:
1128 1995 1154 2039 et
1169 1991 1259 2040 inem

657 2120 763 2171 NOTAE

194 2218 211 2247 ⁵
222 2219 306 2270 Quem
319 2219 362 2282 pio
372 2233 435 2283 erga
449 2224 581 2283 parentem
594 2216 690 2268 affectu
731 2215 847 2265 Ausonio
859 2228 997 2279 supparem
1014 2213 1095 2264 fuisse
1111 2214 1154 2265 rel
1170 2215 1214 2267 bic
1229 2216 1259 2266 ti·

163 2293 247 2344 Polite
269 2294 397 2357 estiterit,
420 2295 490 2358 prior
512 2294 629 2357 Epistola
645 2293 690 2342 do·
731 2291 915 2343 tulusindicst.

163 2368 232 2417 cuit:
249 2374 361 2418 testatur
381 2369 442 2418 bsec'
456 2385 533 2435 quarn
556 2376 647 2419 tenero
664 2370 690 2418 iu
762 2369 802 2417 At
821 2367 916 2433 filium]
938 2366 1104 2430 Hesperium,
1129 2373 1161 2419 ut
1186 2376 1258 2433 puto.

162 2441 352 2493 filiumsilectu
371 2442 459 2494 suerit.
492 2445 610 2509 Utraque
626 2459 690 2493 uun·
732 2442 802 2490 Puer
812 2441 881 2491 euim
898 2451 1015 2492 mortuus
1033 2449 1092 2492 erat
1108 2441 1178 2493 iilius
1193 2444 1260 2494 siler

164 2531 240 2582 qustn
258 2518 322 2566 satis
339 2518 459 2581 legenda,
477 2526 506 2568 et
522 2534 580 2585 quos
597 2520 691 2583 prodat
731 2515 869 2566 Ausonius.

162 2591 270 2642 Ausonii
276 2592 412 2657 judicium,
429 2593 491 2643 dum
508 2593 615 2644 allectus
626 2609 690 2659 quos
763 2592 913 2656 Temporibus
923 2594 1065 2658 Quantas]
1075 2594 1136 2644 Nou
1144 2593 1198 2645 alis
1204 2608 1261 2660 pos·

163 2665 256 2716 debuit
273 2668 312 2716 sic
331 2669 469 2731 expressit,
485 2676 516 2717 ut
526 2677 617 2718 nature
634 2671 691 2732 ipsu
732 2683 788 2717 sum
799 2669 841 2718 bic
852 2669 998 2732 intelligere
1015 2679 1134 2732 tempora
1144 2670 1260 2734 tyram-

162 2743 233 2805 loqni
246 2742 374 2792 videatur.
406 2743 438 2791 In
450 2744 498 2791 bac
515 2744 572 2807 plns
591 2745 690 2806 virium,
732 2759 858 2807 umquam
870 2759 901 2792 es
917 2745 1008 2808 quibus
1025 2745 1166 2808 Maximus,
1184 2761 1258 2795 occu·

161 2818 189 2865 iu
201 2817 247 2865 illa
264 2818 321 2880 plus
340 2819 445 2881 ingenui
463 2819 590 2867 candoris.
623 2820 690 2869 Haec
731 2826 793 2881 puta
805 2819 872 2880 apud
883 2820 1023 2867 Britannos
1035 2820 1184 2882 tyrannide,
1195 2821 1259 2871 Gre-

160 2892 220 2955 plus
232 2892 309 2941 habet
320 2892 501 2942 teneritudinis
512 2893 692 2958 anxiae(sl›est
730 2894 825 2942 tianum
840 2894 900 2942 vicit
912 2894 937 2942 in
950 2894 1045 2957 Gellia,
1054 2904 1212 2962 captumque
1223 2897 1260 2946 in·

163 2968 231 3016 euiru
243 2982 289 3017 sua
307 2982 370 3018 curs
381 2968 552 3032 Hesperium)
569 2969 615 3018 illa
630 2970 690 3038 plus
729 2968 844 3017 terfecit.

162 3044 345 3094 venerationis.
762 3043 828 3105 Ipse]
841 3045 922 3093 Peter
933 3044 1070 3096 Ausonius.

195 3119 218 3168 E
239 3119 359 3167 carminis
379 3117 467 3180 titulo,
486 3118 529 3167 ubi
553 3119 639 3183 agitur
657 3118 690 3168 de
763 3120 845 3182 Neque
862 3121 994 3184 impletam]
1015 3122 1138 3173 Nondum
1159 3123 1259 3188 perfee-

161 3194 304 3258 temporibus
320 3194 451 3258 tyrannicis
470 3195 595 3257 colligunt
612 3196 691 3244 Vine·
730 3200 795 3246 turn.

163 3274 204 3317 tus
213 3279 242 3318 et
248 3278 346 3328 noster,
356 3270 476 3317 Treveris
486 3284 591 3318 carmen
598 3270 631 3319 ab
639 3270 691 3320 Au·
762 3273 801 3321 De
810 3273 941 3334 litorariis]
951 3275 992 3324 Sic
1000 3275 1067 3337 lege,
1076 3290 1126 3324 uon
1134 3277 1258 3327 litorariis.

163 3345 235 3394 eonio
257 3347 392 3408 scriptum,
416 3345 509 3408 quibus
532 3347 690 3409 temporibus
732 3348 865 3408 Litnrurii,
887 3356 916 3397 ut
935 3350 990 3411 jaru
1013 3351 1207 3401 observavimus
1225 3351 1257 3400 sd

161 3427 290 3484 occupata
300 3419 437 3484 tyrannide
448 3421 577 3469 Maximus
587 3421 691 3472 Gratia·
731 3421 917 3472 Prasstionem
930 3425 1054 3474 Centenis
1073 3426 1106 3475 ad
1127 3426 1183 3477 berc
1203 3440 1259 3476 ver·

162 3510 222 3544 num
234 3494 345 3545 interfici
352 3496 440 3559 jussit.
473 3497 531 3548 Qus
546 3498 689 3561 occasione,
731 3501 774 3563 bu,
801 3501 877 3550 ‘Hoc
897 3502 939 3551 die
959 3517 1019 3563 rruo,
1038 3512 1067 3552 et
1085 3505 1259 3555 additslucu·

163 3585 213 3635 quo
225 3585 292 3620 anno
303 3572 438 3634 scripturn,
450 3572 535 3621 silent.
568 3573 691 3637 Suspicor
732 3577 848 3625 bratione
862 3586 1037 3641 properatum,
1048 3579 1125 3630 modo
1145 3581 1212 3629 iuter
1228 3582 1259 3631 ii·

162 3646 194 3694 sd
226 3661 319 3695 annum
348 3651 404 3696 sut.
433 3647 608 3709 referendum,
638 3666 690 3714 quo
731 3651 1094 3717 turarioscurnreperissem,'
1113 3657 1259 3707 snutcbsr-

162 3720 306 3782 Hesperius
317 3722 437 3770 Treueris
450 3724 556 3772 Romam
567 3738 582 3773 s
593 3727 689 3776 Valeu-
731 3731 764 3775 tae
776 3726 802 3773 iu
813 3726 904 3790 quibus
915 3729 997 3790 prime
1008 3731 1157 3794 scriptionis
1166 3741 1260 3783 nostre

163 3794 260 3842 tinisuo
279 3799 303 3843 2.
321 3796 413 3843 missus
432 3795 499 3845 fuit:
520 3797 563 3860 qui
582 3800 690 3849 crimina
730 3810 857 3864 concepta
878 3805 1067 3865 perscribimus.
1100 3808 1176 3870 Qua,
1196 3823 1258 3873 qno-

161 3870 314 3935 Symmacho
326 3877 379 3919 turn
392 3872 480 3921 Romae
492 3873 577 3936 egenti
589 3874 690 3939 objecta
729 3877 796 3924 niam
809 3878 906 3929 crebris
924 3880 1008 3929 lituris
1027 3896 1125 3945 eorum,
1137 3898 1196 3948 quae
1208 3882 1259 3932 dis·

161 3955 338 4010 cognosceret.
374 3948 452 3998 Certe
467 3949 633 4012 Symmachus
644 3951 688 4000 lib.
730 3952 886 4015 plicuerunt,
905 3956 987 4016 plena
1000 3965 1069 4017 sunt,
1079 3957 1192 4007 liturarii
1209 3972 1258 4007 nou

161 4036 189 4070 x.
203 4022 287 4084 Epist.
297 4026 337 4071 ⁴³.
355 4021 402 4071 sibi
414 4024 568 4085 gratulatur,
584 4026 689 4075 ‘contu·
729 4027 821 4075 males
835 4029 931 4077 Nostro
942 4032 1114 4093 appellantur.

161 4099 368 4162 meliarumquas
389 4099 515 4161 pertulit,'
536 4108 629 4150 testem
644 4103 688 4154 ba·
760 4106 776 4151 2
795 4102 944 4169 Quanquam]
960 4106 1103 4158 Correctio.

160 4172 223 4221 bere
243 4174 362 4222 comitem
375 4174 541 4238 Hesperium,
558 4180 600 4240 qui
622 4192 688 4226 sern-
761 4181 776 4225 ⁴
794 4178 950 4242 Stuguunb'u]
968 4183 1033 4230 Tum
1052 4182 1154 4246 placide
1172 4182 1259 4233 laben·

162 4261 209 4309 per
220 4248 317 4297 auricus
328 4255 398 4298 esset
414 4250 528 4313 veritati,
547 4260 575 4299 et
594 4250 687 4302 famam
729 4251 775 4311 tiu,
787 4263 816 4302 ut
828 4263 949 4317 stagnare
962 4258 1108 4308 videantur.
1271 4250 1273 4255 ¹

159 4319 403 4375 bouornmnoleret.
760 4331 775 4374 7
794 4329 860 4376 Catu
879 4331 965 4394 amico]
984 4333 1058 4380 Coetu
1080 4340 1146 4396 puta
1162 4333 1257 4384 anteo·

194 4397 270 4446 Pater
279 4400 403 4463 adfiliatis,
422 4399 475 4463 ire]
494 4400 545 4449 llic
566 4401 689 4453 tituluse
729 4419 785 4454 rum
808 4409 851 4470 qui
870 4407 950 4457 tilium
971 4411 1108 4461 abeuntem
1129 4426 1180 4461 uns
1199 4425 1258 4461 cunr

161 4482 238 4516 manu
250 4479 291 4518 cst
309 4472 387 4534 illius,
406 4475 449 4538 qui
467 4474 615 4526 Ausoniaua
627 4479 688 4542 poli-
729 4490 804 4545 patre
818 4485 945 4544 prosecuti
958 4492 1038 4534 erant

162 4550 232 4593 mats
250 4544 277 4592 in
293 4547 409 4600 ordinem
425 4549 542 4615 digessit,
551 4567 627 4616 quem
638 4554 688 4617 ipsi
761 4560 778 4604 0
798 4550 915 4622 Remslci]
935 4560 1071 4610 Romuleus
1095 4561 1201 4626 proprie
1217 4565 1257 4610 est
