2806 5234
616 765 793 816 BDYLLIA.

161 901 408 966 interdictorum
425 904 545 967 trinum
559 925 677 987 genus:
699 911 785 974 undo
800 912 957 994 repulsus

160 1001 201 1065 Vi
214 1002 319 1078 soem,
341 1011 398 1068 aut
411 1007 523 1069 ulrobi
537 1006 648 1086 fuerit,
671 1030 854 1092 quorumve
868 1015 1040 1082 bonorum.

158 1103 294 1186 Triplex
307 1105 460 1184 libertas,
483 1109 671 1191 capitisque
686 1112 832 1176 minutio
847 1115 981 1196 triplex.
1205 1123 1250 1188 65

157 1204 292 1269 utinum
306 1205 440 1270 dioeudi
454 1227 560 1289 genus
576 1216 638 1288 est,
661 1213 814 1289 sublime,
835 1215 1035 1295 modestum,

155 1396 275 1473 dm!
290 1398 382 1447 alluat
399 1399 552 1450 interdicturus
567 1405 628 1451 ande
649 1404 673 1452 ui
683 1406 793 1467 expulsas
804 1404 885 1467 suero,
902 1405 1056 1457 interdictum
1072 1410 1150 1460 emeli
1161 1413 1249 1476 sm,

155 1464 334 1534 dudodecim
346 1477 443 1537 qaorum
453 1464 570 1514 bononia
602 1466 716 1542 Libertas
723 1473 759 1517 ert
770 1470 872 1545 triplifis
883 1473 989 1546 generis,
1004 1478 1029 1520 et
1047 1474 1147 1549 minutis
1164 1479 1250 1551 cepitis

156 1527 237 1587 noles
245 1531 292 1574 est.
328 1527 429 1589 raptu
438 1535 475 1577 eet
483 1528 605 1579 oloroeter
613 1536 737 1593 mutuom,
753 1532 867 1596 nullm,
876 1536 974 1592 moras,
983 1541 1007 1585 et
1017 1536 1122 1588 lunum.
1152 1540 1250 1603 impla

611 1669 625 1688 0
628 1669 790 1689 ΝΜΝΝΟ

156 1760 218 1811 eae·
230 1769 349 1827 meare
371 1765 413 1813 ed.
433 1766 604 1829 Aseeosima,
629 1773 657 1816 et
679 1776 753 1817 retus
777 1769 917 1821 liban-ul
935 1772 997 1823 ‘Sic
1019 1782 1070 1824 vet.
1092 1775 1152 1825 uod.
1164 1775 1249 1826 Nimis

154 1839 219 1888 sero,
243 1842 322 1891 qnam
342 1828 436 1878 inseite
458 1837 537 1894 etqua
557 1832 700 1881 inconsulta
721 1833 883 1883 immutatum
898 1837 969 1895 sarto
990 1839 1086 1900 legitur
1103 1854 1150 1902 pro
1159 1840 1250 1899 suero!

642 1974 750 2026 NOTAE

153 2073 305 2124 mundet
324 2074 359 2123 Et
368 2075 432 2124 illud
443 2082 485 2125 est
494 2073 603 2127 sortasse
611 2076 681 2142 quod
722 2078 808 2128 Latini
816 2094 849 2129 ex
859 2081 1252 2144 legeJuniaNorbanafiebanle

154 2147 214 2198 uixit
230 2148 259 2197 in
278 2149 400 2212 Epistola
410 2165 439 2199 se
455 2151 625 2216 ‘quibusdam
636 2152 681 2202 ob·
721 2153 798 2204 modo
815 2155 973 2219 inferiorem,
992 2162 1019 2206 et
1036 2155 1134 2206 fiebant
1147 2159 1249 2221 exlege

153 2224 346 2274 unisonum!
378 2225 681 2277 Joseoimuirtuimrin
720 2229 1028 2281 ΙΕΙίιθειιιίιίὶοᾱὶῑίῐίἰ.ν
1060 2231 1250 2283 SedJustioia-

154 2299 287 2350 Publioorn
297 2306 327 2350 et
340 2300 493 2361 Prirstnm3
511 2308 538 2351 et
549 2302 597 2352 sub
614 2302 679 2366 pub·
720 2320 767 2354 nus
780 2320 854 2355 uuam
867 2313 966 2356 tantum
977 2306 1058 2356 voluit
1068 2321 1126 2356 esse
1143 2306 1249 2356 liberta·

152 2376 267 2440 lieojnre
277 2378 386 2426 Sacrum
398 2379 554 2428 continetur.
719 2386 781 2438 tem,
790 2380 913 2443 majorem
922 2382 1063 2444 scilieet‚et
1071 2382 1179 2445 justam,
1189 2397 1248 2447 qua

179 2455 208 2500 ut
227 2453 517 2503 incommedum
524 2455 610 2518 genus]
633 2453 676 2502 In·
718 2469 776 2504 curn
787 2456 894 2505 civitate
912 2464 983 2506 esset
1001 2457 1152 2519 conjuncta,
1170 2466 1199 2505 ut
1212 2458 1248 2505 ui·

152 2526 269 2585 terdicta,
275 2527 380 2590 judicia
391 2536 450 2578 sunt
463 2529 496 2579 da
508 2531 679 2594 possessione,
719 2528 781 2577 dere
793 2537 833 2578 est
845 2529 936 2579 eodem
947 2532 974 2579 in
986 2532 1055 2580 loco.

152 2600 220 2663 quasi
234 2599 339 2650 interim
350 2601 422 2651 dieta
441 2618 485 2653 seu
503 2605 678 2667 pronuntiata,
752 2604 766 2632 '
776 2605 874 2667 Triplex
884 2605 991 2669 mentor]
1010 2605 1250 2667 Censnnviudicta,

152 2673 252 2727 demde
263 2678 429 2741 proprietate
447 2679 561 2742 penitius
571 2693 678 2741 eognos-
720 2684 911 2742 testamentum,
926 2687 955 2729 nt
967 2682 1004 2729 ait
1015 2680 1139 2730 Boithinr
1157 2680 1190 2729 ad
1199 2681 1249 2730 To·

151 2758 229 2801 eatur.
261 2752 394 2803 Quoniam
412 2760 499 2802 entem
521 2752 554 2802 ds
577 2768 679 2817 posses·
719 2753 770 2815 pic.
783 2755 866 2803 Cicer.
880 2755 951 2804 Duos
962 2763 1060 2805 tautum
1073 2755 1160 2819 posuit
1170 2756 1247 2804 Corn.

152 2827 219 2876 slose
237 2829 280 2890 agi
302 2828 444 2891 tripliciter
462 2836 566 2892 potest:
584 2843 678 2892 nempe
718 2828 831 2876 Tacitus.

151 2901 181 2951 ule
197 2904 363 2967 possessione
380 2919 455 2968 qnam
472 2905 587 2954 amiseris
605 2918 677 2953 reeu-
752 2903 888 2966 Cupitisque
898 2903 998 2952 minatio
1008 2905 1108 2968 triplex]
1124 2905 1248 2967 Maxime,

151 2979 281 3040 poraoda;
303 2979 337 3027 ule
359 2979 520 3042 possessione
538 2994 614 3044 qnam
636 2980 678 3027 lra·
719 2991 770 3038 qua
787 2978 879 3039 aliquis
899 2979 975 3027 simul
987 2981 1168 3041 etciuitatem‚
1179 2987 1206 3029 et
1217 2981 1247 3028 li-

151 3051 209 3103 beas
232 3052 392 3114 retinenda;
414 3060 443 3103 et
464 3055 496 3103 de
516 3054 677 3117 possessione
720 3050 846 3099 bertatem
859 3053 964 3113 amittit,
981 3060 1011 3101 ut
1025 3055 1052 3100 iu
1069 3055 1100 3101 iis
1116 3054 1160 3118 qni
1179 3056 1247 3102 servi

151 3143 224 3191 quaro
236 3129 351 3179 nondum
365 3128 567 3192 apprehenderis
582 3127 677 3190 adipis·
719 3141 802 3188 ponas
814 3125 1008 3188 efficiebantur3
1026 3129 1109 3177 minor
1126 3131 1180 3176 slve
1196 3145 1248 3177 me-

150 3205 248 3265 eemla3
266 3205 328 3253 inde
346 3212 397 3266 est,
411 3204 479 3268 qood
493 3205 586 3267 triplex
599 3204 677 3252 inter·
717 3201 770 3261 dia,
791 3215 851 3249 cum
874 3201 965 3249 civitas
986 3201 1090 3266 quidem
1113 3202 1249 3264 omittitur,

150 3278 277 3329 «lictorum
297 3294 377 3343 mons
392 3295 408 3327 a
418 3280 535 3329 Pratore
547 3278 675 3342 proditum
717 3278 823 3325 libertas
835 3291 896 3324 vero
909 3276 1051 3336 retinetnr;
1069 3278 1136 3342 qood
1154 3279 1249 3329 accidit

152 3362 202 3417 est,
216 3355 320 3417 quibas,
338 3355 455 3419 oprimis
469 3355 678 3417 uniuscnjusque,
717 3353 741 3400 ei
751 3352 794 3401 eui
803 3366 868 3415 aqua
877 3358 904 3401 et
914 3351 968 3416 igni
978 3352 1144 3402 interdictum
1159 3351 1248 3415 suerit,

151 3428 179 3476 in
201 3428 328 3478 Pretorio
346 3429 441 3490 edicto,
458 3429 553 3489 verbis,
574 3427 678 3477 nomina
718 3429 759 3476 vel
781 3429 824 3491 qui
845 3429 870 3476 iu
893 3428 1002 3477 insulam
1023 3435 1064 3478 est
1085 3427 1247 3491 deportatus.

151 3502 315 3552 inditasunl·
338 3503 563 3568 Etreouperaudae
573 3503 678 3568 quidem
718 3505 753 3553 Et
772 3505 885 3567 minima,
902 3519 961 3552 cum
980 3509 1083 3552 retenta
1101 3503 1210 3552 civitate
1222 3510 1250 3552 et
1265 3515 1269 3521 ’

152 3578 320 3641 possessionis
338 3578 514 3639 interdictum,
530 3578 616 3626 ‘uude
636 3578 679 3626 vi!
718 3579 849 3639 libertate,
881 3585 964 3626 status
995 3584 1096 3626 tautum
1124 3585 1249 3628 mutatur.

154 3653 317 3715 Betilienum,
330 3653 382 3702 ‘oti
392 3652 547 3716 possidetis,'
557 3663 585 3701 et
595 3655 677 3700 ‘otm-
718 3655 788 3703 l’nta
799 3669 857 3703 com
868 3653 935 3703 filius
948 3652 1068 3716 familias,
1085 3652 1128 3718 qui
1141 3654 1189 3703 sub
1200 3668 1248 3718 po·

153 3729 194 3778 ul:
209 3727 678 3794 Adipisoendae‚‘qnorumbonorunr'
718 3736 813 3778 testate
835 3730 916 3792 patris
943 3736 1011 3790 erat,
1034 3729 1103 3793 juris
1132 3730 1171 3778 sui
1200 3743 1248 3792 per

156 3802 205 3853 snit
214 3806 382 3868 appellatum.
718 3804 948 3867 emancipationem
960 3802 1087 3865 efficitur3
1099 3812 1142 3853 ant
1153 3811 1248 3853 contra

184 3885 215 3930 aa
233 3882 331 3944 tripu:
350 3879 458 3942 libertos]
483 3880 604 3942 Intellige
626 3894 677 3929 nou
718 3877 900 3940 paterfamilias
930 3892 977 3940 per
1003 3879 1193 3939 arrogationem
1220 3875 1248 3923 in

154 3970 225 4020 qoam
247 3957 342 4005 habent
365 3971 398 4005 ex
420 3970 477 4006 sese
498 3956 614 4019 ingenui,
632 3955 677 4003 aed
719 3954 798 4016 patris
811 3953 925 4016 adoptivi
939 3961 1093 4016 potestatem
1105 3955 1206 4003 transit.

154 4047 226 4096 qoam
252 4046 299 4095 per
320 4032 542 4080 manumissionem
564 4030 677 4079 libertini
751 4029 915 4090 'cupitisque
925 4029 1024 4076 minatio
1034 4028 1137 4091 triplex]
1149 4028 1247 4079 Prioris

155 4116 350 4172 consequuntur.
395 4108 507 4171 Deque
532 4106 679 4169 Imperator
719 4103 1250 4166 stotnsruntotiu,quaetriplexesl‚maxl·

155 4182 240 4233 lustit.
265 4184 319 4232 'lit
341 4189 367 4232 ⁶.
392 4185 434 4233 De
461 4183 589 4231 libertinis
613 4184 635 4245 ξ.
654 4187 678 4233 8.
720 4195 770 4239 rna,
785 4179 880 4239 medie,
899 4187 926 4227 et
941 4178 1056 4226 minima.
1089 4179 1129 4227 De
1142 4177 1248 4229 hisloae

153 4258 361 4308 ‘libertinorum
372 4269 459 4308 autem
471 4264 554 4307 status
565 4258 679 4320 triperti-
720 4257 854 4318 Interpres
876 4261 981 4302 noster:
1005 4251 1086 4301 insius
1109 4268 1156 4316 pro
1177 4269 1247 4304 more

154 4342 282 4383 tusantea
293 4334 386 4385 fuerat.
409 4336 476 4384 Nam
489 4333 531 4397 qui
543 4333 680 4383 manumit·
721 4347 766 4380 suo
783 4331 904 4393 sylvium
922 4343 997 4392 quem
1019 4328 1052 4377 ob
1071 4343 1126 4377 earu
1146 4344 1197 4379 rem
1219 4341 1247 4380 et

154 4408 285 4470 tenantur,
302 4410 379 4459 modo
397 4411 521 4472 majorem
539 4417 567 4458 et
581 4410 679 4473 justam
720 4406 814 4455 merito
832 4418 893 4452 sone
910 4405 1025 4468 Scaliger
1041 4413 1188 4469 nugatorem
1202 4423 1246 4470 ap-

153 4483 681 4548 llbertatemconsequebantnr‚etliebaut
720 4483 810 4546 pellat.
1251 4474 1253 4479 ’

153 4559 224 4607 eires
249 4559 375 4607 Romani:
399 4560 475 4608 modo
498 4560 630 4623 minorem,
654 4567 681 4607 et
751 4556 1247 4620 uurmnomuicmuigmmmJ'rnplex

219 4639 307 4702 napa
318 4646 342 4689 et
354 4639 411 4690 l'ar.
420 4640 486 4689 Clas.
667 4638 757 4686 Aaron.
1129 4638 1145 4681 2
1164 4635 1184 4681 L
