2850 5256
589 733 845 784 uonooauluu.

161 867 255 936 Dum
270 874 468 954 rursumque
483 871 665 957 iterumque
686 873 708 914 ⁴
730 874 750 916 *
773 877 945 954 uocantur,

162 970 214 1037 Ut
227 971 363 1037 tandem
379 974 486 1043 oblati
498 977 680 1058 procedent
694 981 858 1061 temporis
870 984 974 1043 ortuo

161 1072 231 1138 Ter
243 1076 338 1138 senis
353 1092 488 1157 unoque
505 1074 558 1140 die
571 1079 717 1159 genialia
731 1079 817 1144 festa
1238 1083 1261 1146 5

160 1173 318 1256 Porrigit,
331 1179 368 1239 ut
381 1174 404 1239 J
406 1195 507 1240 auum
522 1185 670 1244 arcessat
680 1200 766 1245 nova
778 1182 896 1246 bruma
910 1188 1103 1246 morantem.
1129 1244 1130 1247 ,

160 1273 244 1339 Hoc
259 1294 394 1339 numero
407 1278 600 1360 mensisque
616 1278 739 1345 Numae
754 1281 851 1359 redit,
868 1283 1083 1365 autumnique

160 1373 375 1459 Principium
390 1377 532 1442 reserens
548 1379 679 1445 Baoohi
694 1382 893 1465 September
907 1384 1075 1447 alumnus.

160 1592 278 1641 ”niati
294 1594 525 1643 menatem
542 1608 651 1671 meroe
667 1597 777 1672 durstilli
793 1599 941 1660 renduntur
954 1598 1045 1648 iterum
1061 1605 1132 1662 etque
1145 1601 1232 1648 itm
1247 1615 1262 1646 s

159 1783 345 1833 luduwico
355 1789 480 1834 montes.
513 1786 572 1834 Post
583 1790 681 1837 eunden
692 1739 813 1853 ²0szer
824 1790 915 1838 dierum
925 1805 940 1837 o
950 1761 1067 1839 Kol'esdis
1084 1793 1263 1855 appellatorum,

160 1847 249 1896 usis
260 1848 347 1896 Nm
355 1849 493 1908 revertitur,
508 1853 533 1898 ct
543 1850 680 1914 September
689 1853 794 1901 etdrltor
805 1853 895 1902 Bocchi
905 1854 1016 1903 reducens
1029 1855 1128 1905 initium
1138 1855 1262 1905 sormi.

625 2007 806 2029 ΜΟ

197 2122 213 2167 8
229 2120 238 2148 ‘
251 2120 352 2184 Expleta
360 2137 438 2172 messe
447 2122 571 2186 uocantur]
583 2121 705 2171 Mantum
718 2123 743 2170 iu
754 2137 800 2172 suo
811 2124 952 2186 exemplari
964 2137 1064 2173 versum
1076 2124 1264 2188 Lugdunenses

162 2181 203 2230 leis
213 2182 314 2233 duobos
326 2186 421 2248 serbis,
437 2189 529 2248 expleto
545 2201 632 2247 mense,
650 2187 853 2250 compleverunt.
888 2187 971 2237 lidem
987 2187 1059 2238 oblati
1075 2188 1203 2251 legerunt,
1220 2191 1263 2239 ubi

161 2245 318 2307 Meros,
335 2249 636 2313 prooptotiuisisallor.'
660 2249 740 2299 Viset.
775 2251 860 2312 Optoti
877 2251 1012 2314 legendum
1030 2261 1117 2302 mouet
1130 2254 1262 2317 Scaliger:

163 2309 226 2374 qul·
248 2319 350 2363 veteres
372 2314 471 2363 librarii
493 2314 642 2364 scribebeut
661 2315 745 2363 Μ
777 2315 838 2364 vid.
861 2315 942 2366 stiam
961 2315 1057 2367 iud-⁴
1074 2318 1139 2366 Orto
1153 2318 1264 2382 Vols.-

662 2468 769 2518 Nonffi

204 2583 220 2628 8
242 2579 308 2629 Dese
326 2594 471 2643 rursumque,
492 2579 546 2642 dfe]
574 2580 696 2629 Mutilum
737 2579 801 2629 beut
819 2580 861 2629 die
878 2579 978 2630 decimo
996 2582 1082 2629 terlio.
1116 2582 1264 2632 Notandum

164 2654 345 2704 Bostrenum
363 2655 402 2704 sic
418 2656 524 2719 supplet
536 2656 696 2705 Gronovius:
736 2658 773 2703 δ’.
796 2656 919 2704 mensium
941 2658 1063 2721 quosdam
1087 2671 1145 2706 esse
1166 2658 1265 2707 dierum

151 2729 233 2780 -oe-
248 2742 395 2793 meumque,
413 2730 543 2793 itmmqes
559 2733 664 2793 aequem·
681 2746 697 2779 o
737 2732 854 2794 triginta,
869 2733 992 2796 quosdam
1012 2733 1117 2794 trigints
1136 2741 1163 2782 et
1182 2735 1266 2796 nnius,

164 2810 374 2855 mmm.
408 2805 484 2856 Quod
499 2807 524 2854 iu
536 2804 697 2869 Interprels·
737 2806 906 2857 Februarium
917 2807 1147 2870 verovigiulioeto
1157 2815 1267 2872 tanturn,

166 2880 240 2930 tione
250 2887 353 2930 secutus
361 2895 426 2929 sum.
737 2890 782 2932 sut
793 2882 826 2932 sd
838 2898 974 2940 sismmum,
990 2884 1016 2932 iu
1030 2884 1211 2934 Bissextilibns
1223 2899 1267 2933 su-

197 2955 280 3004 orer
298 2958 360 3004 senia
376 2971 467 3019 unoque
484 2956 534 3018 die]
567 2955 626 3007 Hoc
647 2965 697 3019 est,
737 2959 786 3020 nis,
803 2959 892 3021 viginti
912 2974 1016 3008 uorem.
1050 2961 1084 3009 Et
1103 2975 1150 3024 pro
1160 2975 1266 3009 numero

165 3030 326 3092 December,
342 3034 368 3079 iu
379 3046 431 3095 quo
443 3034 532 3080 brume
544 3042 595 3092 est,
608 3046 696 3081 nume·
738 3033 782 3080 illo
793 3033 891 3080 dierum
903 3033 1101 3097 uniuscujusque
1113 3035 1216 3096 mensis,
1226 3050 1268 3082 vr·

165 3112 208 3154 rat
219 3106 399 3155 novemdecim
411 3107 476 3170 dies,
493 3106 697 3171 snteKsleudss
739 3105 808 3154 risre
823 3119 957 3154 nnmerum
977 3106 1078 3154 dierum
1095 3108 1139 3169 qui
1158 3108 1183 3155 in
1203 3122 1234 3155 eo
1252 3123 1267 3156 a

164 3179 296 3243 Jcnnarii,
314 3196 360 3244 per
377 3197 442 3246 qnos
459 3183 516 3231 dies
534 3183 699 3232 celebrantur
739 3181 865 3229 Kalendis
879 3180 1002 3242 proximis
1013 3181 1185 3230 nominentur.
1218 3183 1268 3230 liis

166 3256 281 3321 genisii·
302 3254 379 3317 festo,
401 3257 535 3320 Opalinm,
558 3258 699 3321 Sigillsrlo·
739 3256 894 3317 observatis,
906 3253 937 3302 sd
950 3255 1051 3316 singnis
1061 3256 1200 3306 veniamus.
1216 3257 1268 3306 De-

164 3346 235 3395 sunt,
244 3340 272 3382 et
282 3333 495 3394 saturnaliorum,
505 3343 534 3381 ut
541 3334 597 3395 jam
609 3333 698 3382 obser·
739 3329 808 3379 eiruo
817 3339 910 3394 qosrto
921 3329 1074 3379 Decembris
1083 3329 1136 3390 die,
1144 3331 1187 3394 qui
1197 3341 1268 3394 post·

166 3412 257 3457 vitum
277 3423 363 3471 supra.
397 3408 435 3457 Ul
455 3423 533 3471 porro
551 3415 578 3456 el
595 3409 653 3457 haeu
671 3418 699 3458 et
738 3404 803 3453 ridie
831 3403 894 3453 Idus
921 3412 972 3465 esi,
999 3404 1097 3454 dicitur
1125 3417 1186 3454 xlx.
1209 3407 1269 3458 Rsl.

167 3496 228 3546 qun
248 3470 389 3546 sequuntdr
409 3484 441 3530 de
460 3482 587 3530 Kalendis
597 3480 698 3531 facilius
738 3481 866 3542 annsrii,
875 3481 936 3544 quia
947 3495 1005 3529 oum
1015 3480 1163 3530 December
1173 3481 1269 3531 habest

164 3557 355 3621 intelligantur,
379 3557 521 3605 notandum
550 3561 587 3605 1⁰.
613 3558 697 3605 unius·
739 3555 846 3605 diestl.
858 3561 998 3619 supersunt
1012 3571 1028 3604 a
1045 3560 1097 3604 1³⁰.
1114 3557 1157 3619 qui
1176 3554 1268 3606 Iduum

166 3632 293 3696 cujusque
315 3634 410 3681 mensis
434 3632 500 3693 dies,
517 3633 561 3696 qui
581 3631 644 3681 Idus
661 3647 699 3682 se·
741 3630 795 3679 dies
807 3638 849 3681 est
859 3632 891 3679 ud
903 3631 979 3680 finem
986 3631 1042 3693 ejus
1049 3631 1104 3680 dies
1112 3632 1268 3696 octodecim,

167 3708 483 3772 qouutur‚denominnls
496 3708 621 3756 liniendis
631 3723 700 3757 men·
740 3706 832 3770 quibus
852 3707 873 3754 si
894 3706 963 3756 diem
985 3706 1068 3769 ipsum
1091 3705 1268 3756 Kelendarum

167 3784 204 3833 sla
221 3785 363 3848 sequentis,
381 3791 446 3847 puts
466 3795 529 3832 xix.
551 3791 596 3830 aot
617 3795 698 3832 xrnr.
740 3782 913 3844 proximarum
928 3781 1037 3844 adjicies
1052 3779 1136 3844 (utfit
1148 3781 1174 3829 iu
1185 3782 1269 3845 ejusd.

167 3864 214 3907 ast
234 3871 305 3907 xvn.
328 3858 462 3907 liniendas
482 3858 632 3919 Jauusriss,
650 3858 699 3908 hoo
739 3856 851 3906 Kelend.
866 3858 1000 3906 Nonarum
1012 3856 1270 3906 etlduumnnmcrs-

167 3939 218 3995 est,
234 3939 295 3982 sule
306 3931 449 3992 Kalendas,
464 3935 513 3982 dre.
547 3933 697 3982 Notandum
739 3932 872 3996 tionibus,)
884 3933 930 3982 liet
942 3946 1002 3982 xix.
1013 3933 1074 3982 Kal.
1090 3933 1151 3983 Jeu.
1171 3931 1270 3980 Eadem

167 4011 205 4057 2⁸.
221 4023 254 4058 ex
273 4008 429 4070 supradictis
447 4021 545 4056 menses
565 4007 699 4069 Martium,
739 4014 779 4055 est
802 4007 868 4054 ratio
889 4007 1065 4055 Ksleudarnm
1088 4006 1222 4054 Februarii
1244 4016 1271 4056 et

168 4082 277 4143 Heium,
298 4083 404 4145 Julium,
422 4090 450 4131 et
471 4081 613 4131 Octobrem
636 4083 698 4131 idos
739 4080 909 4144 Septembris,
925 4081 1043 4145 qnoniam
1063 4081 1270 4131 meuses-lanus·

167 4172 228 4207 suas
235 4158 329 4206 babere
339 4158 382 4207 die
392 4157 494 4206 decimo
503 4159 603 4220 quinto,
610 4158 698 4221 sicque
739 4157 791 4204 rius
808 4162 835 4204 et
844 4154 989 4217 Angustos,
999 4156 1042 4219 qui
1054 4168 1097 4203 ess
1109 4155 1271 4218 precedunt,

168 4247 186 4280 e
196 4231 298 4281 decimo
308 4240 381 4281 sexto
391 4232 519 4282 duntaxat
529 4232 572 4281 die
583 4233 699 4295 incipere
740 4230 840 4279 dierum
852 4231 928 4278 etiam
940 4236 1001 4278 suut
1012 4232 1052 4277 ³1.
1063 4236 1090 4277 et
1102 4228 1197 4279 habent
1207 4229 1269 4280 Idus

169 4322 187 4355 a
203 4305 331 4356 Kalendis
341 4308 435 4356 mensis
448 4310 580 4370 sequentis
592 4308 647 4357 dies
657 4309 702 4356 ‹le-
741 4307 784 4357 dle
795 4309 873 4355 etiem
885 4306 986 4355 decimo
998 4307 1085 4355 tertio.

169 4384 702 4448 nominare,reliquosseromensessde·
773 4387 789 4431 'l
817 4383 951 4445 Meso'sque
975 4381 1075 4445 Nemo]
1107 4382 1270 4437 Februarius.

169 4459 239 4509 cimo
257 4466 349 4523 quarto
370 4460 485 4523 incipere
501 4473 637 4509 uumersre
648 4459 702 4508 lia·
742 4458 808 4508 Vide
821 4459 904 4508 Notas
915 4472 1001 4522 cupre.

170 4534 260 4583 landas
271 4535 364 4584 mensis
375 4535 494 4598 proximi,
509 4535 570 4600 quis
586 4534 649 4582 ldus
660 4534 702 4583 lu·
